3182 5142
756 1530 1003 1596 JOHANNIS
1030 1530 1194 1595 WICLIF

369 1757 370 1760 =
439 1705 915 1781 PURGATOBIUM
945 1708 1191 1780 suom
1225 1703 1474 1780 CHRISTI.

898 2088 983 2147 CAP.
1006 2082 1047 2146 1.¹

224 2266 353 2367 'dificia'
452 2283 464 2346 ΙΙ
481 2275 561 2354 Sepe
590 2284 778 2354 assumptum
810 2283 855 2336 est
886 2284 920 2335 ut
945 2275 1021 2337 fides
1051 2274 1217 2348 catholica,
1250 2276 1331 2356 quod
1353 2274 1458 2336 Crisurs
1478 2269 1530 2330 deu

376 2389 406 2440 et
428 2379 518 2440 homo
540 2375 544 2458 Ι
563 2379 602 2438 sit
629 2379 863 2457 potentissimus,
886 2379 1126 2457 sapientissimus
1148 2387 1179 2439 et
1200 2379 1427 2450 amantissimus,
1445 2372 1449 2454 l
1466 2383 1530 2434 etex

375 2482 433 2542 hoc
455 2480 575 2542 illatum
598 2490 656 2553 est,
681 2481 762 2560 quod
785 2479 902 2541 Cristus
924 2480 1010 2542 dedit
1039 2481 1209 2542 doctrinam
1237 2481 1456 2542 saluberrimam
1474 2486 1519 2537 tun

375 2586 416 2645 ad
438 2584 605 2662 regendum
627 2603 788 2662 porsonam
810 2603 901 2664 quam
923 2584 1070 2663 populum
1093 2604 1148 2662 pro
1169 2584 1228 2645 hoc
1250 2585 1352 2646 seculo
1373 2593 1403 2646 et
1421 2583 1511 2643 nuno.

460 2687 502 2747 Et
524 2707 563 2747 ex
584 2688 644 2748 ista
665 2687 768 2747 radies
789 2687 944 2747 invectum
966 2695 1013 2748 est
1034 2697 1140 2748 contra
1165 2697 1264 2748 sectas
1291 2687 1341 2748 vel
1362 2686 1470 2748 ordines
1487 2683 1557 2741 sines

375 2790 557 2851 auctoritate
579 2789 693 2850 domini
707 2790 904 2863 introductos,
929 2799 960 2850 et
974 2791 1137 2864 conclusio,
1160 2791 1316 2852 inculcata
1337 2791 1432 2869 sapim
1450 2788 1476 2846 in
1493 2785 1533 2843 ista

375 2893 517 2966 materia,
541 2900 603 2953 stat
624 2893 657 2953 in
678 2893 749 2966 isto,
782 2894 864 2973 quod
885 2893 998 2954 bonum
1021 2902 1100 2954 esset
1121 2893 1262 2966 ecclesie,
1286 2893 1366 2974 quod
1387 2909 1478 2952 omnes
1494 2888 1534 2945 iste

375 2997 526 3057 novitates
541 2995 641 3056 forent
655 2996 775 3074 penitus
790 2999 990 3075 pretermisso,
1015 3018 1084 3058 cum
1105 2995 1186 3056 idem
1202 3006 1290 3069 esset,
1311 3017 1379 3058 cum
1399 2995 1444 3056 isti
1460 2987 1534 3052 sadul·

374 3099 480 3160 terinis
503 3098 659 3159 ordinibus
681 3099 784 3160 taliter
805 3101 981 3179 desponsari
997 3108 1028 3160 et
1047 3099 1199 3160 dimittere
1220 3100 1441 3160 immaculatam
1460 3095 1534 3169 legen

375 3211 406 3263 et
427 3200 655 3262 ordinacionem
677 3202 792 3262 domini
814 3201 885 3263 lesu
907 3202 1007 3263 Cristi.
1054 3201 1116 3263 Sed
1147 3203 1213 3282 quis
1244 3201 1377 3276 dubitat,
1408 3200 1471 3280 quin
1493 3185 1567 3264 hoelli

375 3304 527 3366 redundat
548 3305 579 3364 in
601 3303 811 3384 blasphemam
834 3305 1101 3384 parvipencionem
1124 3305 1238 3366 domini
1259 3305 1309 3366 dei
1331 3305 1437 3366 nostri?

459 3407 585 3468 Dictum
617 3418 662 3468 est
692 3409 860 3468 secundum
891 3408 1065 3469 evidencias
1095 3408 1204 3470 dantes
1233 3408 1339 3482 fidem,
1371 3406 1457 3488 quod,
1484 3419 1533 3462 cuu

375 3510 492 3572 Cristus
514 3531 576 3571 non
597 3511 764 3571 auctorizet
785 3511 858 3571 istas
873 3509 1056 3572 tradiciones
1077 3531 1172 3571 novas
1195 3519 1226 3572 et
1247 3511 1287 3572 sit
1307 3530 1418 3572 summe
1444 3516 1534 3586 potens

374 3634 491 3674 summe
512 3613 632 3692 sapiens
664 3623 694 3674 et
722 3633 838 3674 summe
869 3613 998 3691 diligens
1029 3633 1170 3692 sponsam
1197 3634 1296 3686 suam,
1328 3615 1360 3674 in
1387 3604 1534 3674 dimittendo

377 3717 451 3777 istas
466 3716 650 3776 tradiciones
665 3715 763 3788 docet,
780 3716 860 3795 quod
876 3715 970 3776 nichil
986 3726 1039 3777 aut
1054 3717 1206 3778 modicum
1221 3725 1349 3795 prosunt
1361 3737 1412 3778 sus
1425 3709 1533 3775 ecclesa
1541 3707 1558 3754 ¹⁵

459 3817 552 3880 Unde
574 3818 653 3879 sicut
683 3826 729 3878 est
759 3818 833 3879 dare
864 3817 1070 3880 substanciam
1101 3819 1200 3898 operis
1230 3829 1261 3880 et
1282 3819 1356 3893 alia,
1386 3838 1441 3898 qus
1459 3817 1533 3893 ipsun

375 3921 605 3984 accidentaliter
628 3921 823 3995 comitantur,
855 3921 898 3983 sic
921 3930 967 3982 est
989 3923 1062 3982 dare
1083 3921 1221 3999 regulam
1254 3923 1344 3983 huius
1369 3918 1497 3982 nacionis
1513 3925 1532 3970 et

375 4026 445 4099 alia,
469 4046 528 4105 que
550 4025 647 4103 ipsam
670 4023 900 4085 accidentaliter
921 4033 1136 4096 consecuntur,
1161 4033 1195 4084 ut
1216 4025 1424 4086 mandatorum
1443 4033 1533 4082 comer

375 4129 470 4201 racio,
495 4128 699 4188 thesaurizata
721 4127 753 4186 in
775 4127 885 4200 anima,
910 4136 955 4187 est
976 4126 1057 4188 basis
1079 4126 1129 4188 vel
1150 4127 1385 4206 jfundamentum
1408 4117 1533 4200 religionis

375 4247 713 4254 .—..-.——..-——

443 4311 452 4341 ¹
474 4315 550 4364 tum
567 4317 589 4364 is
605 4331 635 4363 no
653 4315 758 4364 division
775 4316 826 4363 into
845 4316 959 4379 chapters
976 4316 1002 4364 in
1019 4315 1058 4364 tlte
1075 4315 1129 4364 eod.
