3262 5156
317 559 388 602 xm
770 535 1058 586 INTRODUCTION.

205 738 249 778 ωιι
266 737 290 776 n
402 711 452 772 De
473 719 607 772 exortae.
630 709 748 771 ouiuod.
770 709 884 770 dootor.
909 714 925 770 1

403 814 452 874 De
473 813 604 895 perfeoo.
626 821 759 874 statuum
783 818 801 875 6

403 917 454 978 ΒΘ
475 925 558 998 quet.
582 925 655 978 sect.
678 937 747 978 nov.
772 920 811 977 12

404 1020 510 1082 Sermo
532 1019 639 1100 pulcer
659 1019 749 1081 Dom.
773 1019 842 1081 vob.
868 1025 883 1079 1

403 1125 453 1186 ΒΘ
475 1124 615 1186 oracione
635 1122 748 1184 domin.
773 1131 791 1185 8

403 1227 454 1289 De
475 1227 565 1288 solut.
588 1225 689 1306 angel.
713 1232 732 1288 3

403 1331 455 1392 ΒΘ
476 1329 570 1392 soluo.
594 1328 731 1392 Sathane
755 1334 771 1390 1

403 1435 453 1496 De
474 1443 591 1514 septem
614 1434 684 1494 don.
707 1434 778 1514 spir.
802 1439 868 1494 e.8
945 1431 946 1434 ’

403 1539 453 1600 ΒΘ
474 1536 771 1619 greduooionibus3

402 1642 453 1704 ΒΘ
475 1651 542 1704 oete
564 1641 711 1722 question.
735 1645 754 1702 8

404 1746 454 1806 ΒΘ
476 1746 646 1806 iuramento
668 1744 838 1806 collectoris
858 1765 940 1826 pape
964 1750 979 1804 1

403 1849 454 1910 ΒΘ
476 1867 556 1910 nova
576 1846 726 1928 prevario.
750 1849 852 1908 mand.
877 1854 896 1910 8

403 1953 454 2014 De
476 1951 575 2014 cristo
597 1959 629 2012 et
649 1971 703 2012 suo
725 1951 795 2012 edv.
819 1961 881 2013 ont.
907 1957 945 2014 15

405 2056 454 2116 De
475 2054 660 2116 fundacione
682 2063 754 2116 sect.
779 2060 818 2118 16

404 2159 455 2220 ΒΘ
475 2159 536 2219 fide
557 2157 669 2220 cathol.
693 2163 712 2219 8

404 2263 454 2323 De
475 2282 530 2324 sex
550 2262 671 2342 iugisss

404 2365 455 2426 De
475 2364 588 2445 triplici
610 2364 740 2427 eeclesia
763 2371 779 2426 1

405 2468 455 2529 De
476 2467 602 2549 prelatis
623 2475 760 2529 oonteno.
786 2473 801 2528 1

405 2570 455 2632 De
477 2570 592 2632 semine
613 2570 697 2632 verb.
721 2572 770 2632 dei
794 2577 810 2632 1

406 2673 456 2734 De
478 2672 617 2735 clavibus
638 2675 805 2736 eoelesiel
870 2728 871 2731 ,

405 2777 455 2839 ΒΘ
476 2785 572 2857 quest.
596 2785 697 2839 utrum
720 2778 769 2840 lio.
793 2779 925 2840 thesaur.
949 2780 1079 2840 retinere
1102 2786 1117 2837 1

407 2881 456 2942 De
479 2881 697 2961 condempnao.
723 2887 762 2944 10
786 2882 918 2943 conclus.
944 2888 960 2942 1

406 2984 457 3045 ΒΘ
479 2982 569 3044 duob.
594 2985 728 3063 generib.
751 2986 876 3048 heretio.
902 2991 918 3046 1

407 3087 458 3148 De
478 3087 656 3149 trinitatefl

407 3191 456 3252 De
478 3190 606 3271 ydeiso

405 3294 456 3355 ΒΘ
477 3302 560 3375 quat.
582 3293 856 3373 impreoaoionibus
879 3299 906 3354 l.

413 3415 511 3476 Under
533 3415 590 3475 tois
611 3414 704 3474 Index
725 3416 812 3476 below
835 3423 862 3476 to
885 3417 929 3476 the
951 3417 1016 3493 lest:
1039 3414 1199 3495 Lymburg
1221 3418 1254 3474 in
1270 3417 1339 3492 pole
1360 3417 1420 3475 iulo.
1466 3416 1524 3476 ww
1623 3423 1624 3431 ’

320 3521 411 3580 whole
435 3519 532 3578 Codex
552 3520 580 3578 io
595 3519 692 3596 paoni
712 3518 800 3578 above
822 3526 849 3580 to
872 3520 916 3578 tho
936 3520 1026 3597 riom,
1053 3520 1115 3580 ond
1135 3527 1165 3578 ot
1187 3520 1231 3579 the
1251 3537 1334 3578 soene
1355 3521 1424 3578 timo
1447 3520 1523 3579 Utere
1620 3512 1623 3545 ³

320 3625 348 3684 es
370 3643 411 3684 oo
424 3622 615 3700 impendent
622 3623 736 3700 payinq
758 3622 795 3699 os
812 3622 856 3683 tho
877 3625 1092 3700 quemnemo,
1115 3624 1282 3683 smnecimos
1303 3621 1391 3682 above
1411 3641 1453 3681 on
1480 3621 1523 3682 un

320 3727 406 3803 riqht,
428 3727 595 3786 sometimes
616 3725 704 3786 below
726 3745 766 3786 on
788 3726 832 3785 the
853 3726 916 3803 left,
938 3727 971 3786 in
993 3745 1034 3785 on
1055 3727 1105 3786 old
1124 3726 1213 3784 hond.
1259 3724 1341 3784 Eooh
1360 3724 1522 3801 soliomie

321 3831 435 3889 mitten
456 3830 490 3888 in
503 3829 576 3906 sowr
590 3831 736 3903 columne,
758 3829 828 3889 wie
842 3849 883 3888 on
897 3849 1016 3907 overoqo
1037 3831 1074 3907 of
1093 3833 1134 3889 44
1149 3830 1223 3889 linos
1245 3835 1272 3888 to
1294 3846 1314 3887 o
1333 3829 1462 3887 oolumn.
1480 3862 1521 3872 -

328 3933 388 3992 Tho
410 3932 479 3992 baele
500 3931 538 4008 of
555 3932 599 3992 tho
615 3932 711 3992 Codex
731 3933 760 3992 ie
776 3932 881 4009 poseo
901 3951 968 3992 over
982 3933 1052 3992 with
1070 3933 1113 3993 tho
1127 3932 1215 4010 sodod
1235 3931 1286 3991 red
1301 3949 1413 4008 pepon·
1434 3931 1522 3991 above

323 4055 363 4095 on
388 4055 408 4095 o
437 4035 522 4095 white
552 4035 646 4095 lob&
670 4032 768 4095 Van'o
791 4033 939 4113 opuscula
962 4033 1074 4095 Wiolifi
1104 4033 1192 4094 utin
1213 4032 1449 4113 puginaprimo
1470 4033 1520 4093 ad-

324 4136 493 4198 notandum
515 4145 574 4210 eot;
597 4138 701 4200 below:
724 4135 831 4198 Codex
846 4135 913 4197 MS.
929 4135 1075 4217 Theolog.
1098 4137 1140 4198 M.
1156 4133 1330 4197 Deccsso
1353 4135 1426 4196 olim
1449 4139 1519 4197 292.

325 4273 366 4288 *-
391 4241 499 4321 oopoo
519 4241 581 4304 ond
600 4242 720 4307 euoed
740 4242 775 4323 by
796 4261 843 4306 me
863 4242 898 4304 io
919 4241 1061 4318 Drasdea,
1093 4241 1202 4304 Winor
1226 4235 1374 4320 1876l77.
