3262 5156
367 563 409 605 bx
819 543 1106 594 rrrnenucrron.
1218 521 1223 532 '

365 712 490 768 Littera
507 726 621 780 perure.

435 802 524 852 Amice
542 801 684 852 karissime.

366 901 415 957 De
433 905 509 957 oete
528 901 759 968 questionibus
776 901 954 970 propositis
972 902 1147 972 discipule.

435 991 525 1040 Amice
542 991 658 1056 preclare
676 1007 708 1040 ex
726 991 826 1058 seriptis
843 992 942 1042 vestris.
968 994 1036 1059 fiais.
1054 990 1237 1041 insensibiliter
1253 989 1429 1040 intretlueuut.

367 1091 534 1158 Dialogus,
553 1095 584 1145 et
600 1089 790 1146 intituletur
809 1092 984 1158 speculum
1001 1091 1140 1148 eeelesie
1156 1089 1339 1147 militenus

436 1180 500 1230 Cum
517 1180 674 1246 ydemptitas
689 1181 722 1230 sit
738 1186 828 1230 muter.
853 1183 922 1248 finis.
942 1181 1042 1230 lucilius
1058 1187 1254 1246 etrgnoeenntur.
1271 1181 1312 1230 39.

368 1280 549 1347 urielogus.
584 1280 861 1349 supplementum
877 1280 949 1349 ejus
967 1294 1069 1348 quere
1086 1280 1123 1335 in
1140 1281 1179 1334 V.

437 1369 501 1418 Cum
519 1369 618 1419 locucio
636 1369 669 1419 ed
687 1385 832 1435 persenam.
861 1373 928 1438 finis.
946 1369 1088 1420 secundum
1106 1369 1250 1435 quemlibet
1266 1369 1408 1419 beaterum.
1430 1361 1495 1416 100]
1594 1349 1598 1395 .}

367 1469 416 1525 De
434 1468 543 1525 offleio
561 1469 720 1537 pastorali
736 1469 816 1525 libri
833 1470 909 1526 duo.

437 1559 501 1608 Cum
519 1557 616 1624 duplex
633 1558 712 1610 debet
728 1575 784 1609 esse
802 1559 923 1622 officium.
952 1557 1020 1627 fieb.
1037 1557 1142 1608 Domini
1159 1557 1228 1624 regis
1244 1573 1344 1624 regum,

368 1659 417 1715 De
435 1672 525 1714 noue
542 1657 793 1726 preuerieeneie
810 1659 1053 1714 mundatorum
1069 1671 1165 1726 eepp.
1184 1659 1212 1712 8.

438 1748 503 1798 Cum
520 1748 663 1798 seenndnm
682 1748 798 1798 veritatis
815 1749 998 1798 testimonium.
1024 1748 1094 1816 liris.
1112 1763 1128 1797 a
1146 1746 1219 1798 benis
1237 1747 1354 1798 homines
1371 1747 1513 1814 spoliantes

257 1891 269 1923 ,
369 1849 417 1904 De
435 1847 614 1904 duodecim
631 1847 770 1915 legibue
788 1861 883 1917 eepp.
901 1850 929 1902 8.

437 1937 503 1988 Cum
519 1935 664 2003 philesophi
680 1935 779 2002 pseudo
796 1937 906 2002 apostoli
922 1954 958 1987 se.
988 1938 1056 2005 finis.
1074 1937 1101 1986 in
1118 1937 1218 1988 clerieie
1233 1937 1285 1986 iem
1303 1937 1440 2003 peruersis.

368 2038 418 2094 De
436 2037 587 2092 erutione
603 2035 787 2092 Dominiee„
804 2050 899 2105 eepp.
917 2038 946 2091 8.

438 2126 503 2176 Cum
521 2125 605 2175 heresi
622 2127 693 2189 (sir)
712 2125 803 2176 diebus
821 2125 883 2176 istis.
906 2129 975 2194 fisis.
995 2125 1073 2176 leude
1091 2125 1207 2194 dignum.

368 2227 418 2282 De
435 2226 633 2282 selutetione
649 2225 800 2294 angelice
818 2227 927 2292 Quere
945 2225 982 2281 in
1000 2226 1037 2289 Q,

369 2329 418 2385 De
435 2329 639 2398 porrectione
656 2332 811 2385 statuum
829 2342 922 2398 eepp.
941 2331 969 2384 6.

438 2419 503 2469 Cum
521 2419 623 2468 vientes
641 2423 667 2467 et
683 2417 831 2483 specialiter
848 2419 947 2468 fratres.
976 2419 1045 2486 finis.
1064 2418 1160 2484 populo
1178 2417 1349 2484 predicantes.

369 2519 418 2575 De
436 2519 598 2575 semitute
615 2517 709 2573 ciuili
727 2521 761 2573 et
778 2517 923 2573 dominio
940 2517 1091 2573 seeuleri.
1109 2531 1204 2587 eepp.
1222 2519 1251 2572 6.

439 2607 504 2658 Oum
520 2605 663 2657 seeundum
680 2605 845 2674 philosophos
861 2607 895 2656 sit
910 2607 1087 2657 relativorum.
1115 2609 1183 2675 fieb.
1201 2605 1336 2672 multipliei
1353 2613 1433 2674 atque
1449 2600 1523 2672 graui.

371 2707 493 2762 contre
510 2707 600 2763 belle
617 2707 816 2762 elericorum
833 2710 867 2762 et
883 2710 1020 2762 veeetur
1038 2706 1192 2762 erueiete.
1211 2721 1306 2773 eepp.
1322 2709 1369 2762 10.

438 2795 503 2845 Cum
521 2795 664 2846 secundum
681 2795 759 2846 fidem
777 2795 1039 2858 catholicam,13.8.
1069 2797 1138 2862 fisis.
1158 2781 1335 2878 seeerdeiibru
1352 2793 1528 2862 deputandum·
1595 2828 1596 2847 r

370 2895 419 2951 De
438 2896 576 2964 rpeeule
593 2894 796 2952 secularium
812 2894 1033 2952 dominorum.
1051 2909 1146 2964 eepp.
1166 2897 1194 2951 ¹1.

439 2985 505 3034 (lum
523 2985 619 3036 veritae
636 2983 698 3035 fidei
715 3000 747 3034 eo
765 2984 830 3049 plus.
848 2986 918 3052 fisis.
938 2983 1100 3034 concorditer
1116 2983 1300 3034 invehendum.

270 3163 273 3170 ,
369 3084 419 3139 De
437 3084 583 3150 quodm
600 3083 788 3153 periculoso
805 3083 981 3140 mendesio
998 3083 1131 3140 nouiter
1148 3083 1336 3150 praeturio.
1353 3097 1446 3152 eepp.
1463 3084 1490 3137 ’1.

439 3173 504 3223 Cum
521 3189 618 3238 paruus
636 3187 706 3223 error
723 3177 750 3222 et
767 3171 903 3223 missibilis.
929 3173 999 3240 fisis.
1018 3173 1077 3238 elijs
1094 3172 1224 3223 modicum
1242 3172 1387 3223 deleantur.

370 3273 419 3328 De
436 3272 573 3328 materie
591 3277 625 3329 et
642 3271 755 3329 forme.
773 3285 868 3340 eepp.
886 3314 893 3326 .
912 3313 944 3325 ..

439 3361 504 3412 Cum
526 3361 636 3412 materis
656 3367 684 3412 et
702 3362 785 3412 lormu
808 3361 861 3411 siut
886 3361 1051 3412 universalis
1078 3363 1148 3428 finis.
1176 3361 1289 3412 enimam
1316 3361 1455 3412 eeseneiam
1482 3357 1554 3424 preter

489 3448 584 3498 Deum.

372 3546 421 3602 De
439 3546 703 3604 eoneordeeione
719 3545 868 3602 fratrum.
883 3560 978 3615 eepp.
996 3549 1025 3601 4

440 3635 505 3686 Cum
523 3635 638 3687 Christus
655 3637 688 3687 sit
704 3637 802 3703 primus
818 3641 846 3686 et
861 3635 1023 3686 novissimus.
1053 3639 1123 3704 fisis.
1143 3636 1280 3687 mendesio
1297 3637 1332 3688 sit
1349 3637 1488 3688 sununs.

370 3734 420 3790 De
436 3738 564 3803 septem
580 3736 678 3792 denis
696 3735 837 3806 spirinse
854 3734 1086 3804 Sancti-sepe.
1105 3737 1134 3791 8.

440 3823 505 3874 Cum
523 3823 632 3890 Spiritus
650 3823 760 3876 Sanetus
777 3825 811 3876 sit
827 3825 904 3876 tertis
923 3839 1034 3891 persone
1054 3823 1196 3874 Trinitatis.
1229 3825 1300 3893 fisis.
1321 3823 1494 3892 multiplieiter
1509 3829 1553 3884 prst

490 3910 588 3977 phelet

371 4010 545 4080 wanno
562 4013 684 4078 extus,
700 4009 792 4066 Mart.
808 3998 903 4066 xxiii
922 4023 1016 4079 supp.
1033 4011 1078 4064 12.

441 4099 507 4151 Cum
523 4099 657 4166 sapiencie
673 4099 724 4149 Dei
742 4099 836 4150 Patris.
865 4099 936 4167 finis.
956 4098 984 4148 in
1000 4098 1056 4148 istis
1073 4097 1178 4165 perfidis
1195 4097 1252 4148 sine
1269 4097 1329 4149 tine.

441 4235 451 4266 ¹
469 4234 530 4304 100]
548 4237 604 4288 'i'he
621 4242 673 4287 two
689 4251 762 4288 seros
779 4251 824 4290 ere
841 4235 934 4288 barren
952 4251 1045 4286 across.
1075 4235 1131 4288 The
1148 4235 1259 4289 number
1276 4235 1366 4300 refers,
1387 4253 1422 4288 no
1438 4235 1518 4296 doubt
1533 4233 1552 4278 p

370 4325 415 4382 the
432 4324 559 4396 chamere
