3248 5138
79 602 135 649 rap.
153 581 203 650 11]
371 587 426 636 DE
441 587 612 636 DIABOLO
631 585 874 636 ornaments
892 587 989 636 EIUS.
1215 589 1276 648 365

80 759 160 819 inter
190 753 337 819 virtutes⁹
368 754 582 836 theologicas,‘'
612 759 693 840 quod
723 779 784 819 non
815 769 861 820 est
890 759 973 821 color
1001 758 1034 819 in
1060 759 1119 820 ista
1142 758 1276 838 argucia.

81 863 170 922 Licet
200 862 280 922 enirn
311 862 409 922 viator
439 864 562 935 nesciat,
595 863 677 942 quod
707 883 768 922 non
799 864 837 923 sit
867 862 1026 942 dyabolus,
1059 861 1150 923 debet
1176 871 1278 922 tamen

81 984 204 1044 sperare
235 963 273 1024 dc
303 965 378 1044 ipso,
411 975 442 1026 et
473 966 510 1026 de
542 965 609 1026 aliis
640 986 818 1046 supponere,
850 986 924 1046 quor
956 965 1039 1026 videt
1065 963 1146 1024 bona
1168 963 1278 1035 facere,

82 1067 163 1147 quod
195 1077 266 1128 sunt
295 1067 334 1128 de
365 1087 490 1130 numero
517 1068 742 1130 salvandorum.
786 1069 851 1130 Ista
872 1077 975 1131 tamen
997 1067 1089 1128 debet
1110 1085 1280 1145 supponere

60 1171 160 1230 tcitra
183 1170 282 1242 fidem,
305 1170 377 1231 licet
398 1170 473 1231 fides
488 1167 585 1250 spei¹⁰
606 1181 636 1232 et
650 1173 853 1251 supposicioni
868 1171 1037 1232 virtualiter
1052 1171 1090 1230 sit
1108 1169 1279 1230 coniuncta.

83 1273 176 1334 Fides
216 1283 317 1334 autem
358 1274 408 1335 isti
443 1275 507 1352 spei
541 1275 590 1335 vel
630 1275 833 1353 supposicioni
868 1294 1006 1336 connexa
1044 1283 1106 1334 stat
1143 1273 1174 1332 in
1213 1273 1280 1343 isto,

83 1377 164 1457 quod
196 1376 293 1438 fidelis
325 1375 416 1437 debet
442 1377 573 1449 credere,
606 1378 686 1458 quod
709 1378 787 1439 siin
809 1377 961 1438 mandatis
983 1385 1015 1436 et
1035 1375 1186 1454 preceptis
1208 1374 1281 1434 fina-

82 1480 153 1540 liter
174 1488 358 1558 perseverat,
391 1489 464 1541 tunc
486 1479 662 1553 salvabitur,
695 1491 727 1542 et
748 1481 788 1542 ad
809 1481 866 1542 hoc
890 1479 986 1540 omnis
1008 1479 1105 1539 fidelis
1129 1478 1205 1539 citra
1226 1476 1282 1537 hos

84 1583 206 1644 ordines
233 1591 279 1642 est
305 1582 468 1661 dispositus
493 1584 615 1644 credere
637 1594 793 1665 tamquam
815 1584 915 1644 fidam.
959 1582 1015 1643 Isti
1037 1591 1139 1642 autern
1162 1580 1282 1640 ordines

48 1693 74 1738 1⁰
83 1706 123 1746 ex
145 1684 364 1763 ingratitudine
386 1705 439 1746 sue
465 1686 658 1766 professionis
680 1697 782 1765 preter
804 1696 916 1748 sectam
940 1684 1032 1746 Oristi
1054 1693 1125 1745 sunt
1147 1681 1283 1761 dispositi

84 1783 267 1859 arralitcr,¹¹
304 1799 339 1848 ut
368 1787 525 1849 incurrant
558 1788 805 1868 ingratitudinem
840 1790 1006 1850 maximam
1037 1787 1087 1848 vel
1122 1793 1283 1866 peccatum

84 1893 176 1971 longe
194 1891 263 1970 plus
286 1911 377 1972 quarn
398 1890 508 1952 Petrus
530 1891 588 1952 fuit
609 1893 812 1972 indispositus,
836 1891 1026 1963 Matth.16,‘
1048 1890 1170 1970 quando
1193 1887 1282 1948 dixit:

84 1997 165 2056 absit
186 1995 244 2056 hoo
267 2015 286 2056 a
308 2004 351 2067 te,
381 1994 511 2068 domine,
543 1995 624 2055 unde
647 1994 762 2056 Cristus
784 1996 906 2056 vocavit
929 2015 998 2055 eum
1020 2013 1081 2054 non
1109 1991 1283 2071 dyabolum,

84 2099 139 2160 sed
162 2092 646 2178 sathan12:vade,inquit,sp0st
665 2119 722 2170 ms,
747 2093 897 2170 sathan,¹³
921 2098 992 2178 quia
1015 2097 1112 2158 voluit
1134 2094 1285 2156 voluntati

49 2202 189 2263 redivina
212 2201 377 2262 adversari.

171 2303 234 2364 Iste
266 2313 369 2364 autern
399 2314 480 2365 secte
507 2304 649 2365 videntur
674 2304 869 2384 pertinaciter
889 2304 934 2364 ita
955 2302 1044 2375 velle,
1077 2301 1148 2382 quia
1178 2299 1287 2360 nolunt

86 2409 125 2468 de
156 2416 241 2468 secta
264 2405 355 2468 cristi
385 2417 416 2468 et
444 2407 552 2486 regula
582 2407 760 2478 contentari,
793 2406 847 2466 sed
877 2426 968 2467 unam
996 2424 1107 2466 novam
1128 2403 1161 2464 in
1182 2401 1285 2463 multis

86 2510 229 2572 llivolam
257 2517 287 2570 et
313 2509 375 2588 legi
397 2508 488 2572 Cristi
516 2511 697 2571 contrariam
720 2509 941 2569 machinantur.
986 2507 1060 2568 Ideo
1082 2506 1204 2568 videtur
1225 2525 1286 2566 nou

85 2613 186 2674 solum
218 2631 282 2674 esse
305 2613 459 2685 sathanas,
491 2613 545 2673 sed
570 2613 635 2692 ipse
657 2611 816 2692 dyabolus,
848 2621 1004 2690 tamquam
1026 2610 1129 2684 Iudas,
1162 2609 1233 2690 quia
1255 2609 1287 2668 in

48 2729 144 2776 rosua
174 2710 314 2776 innata¹⁴
345 2715 468 2776 malicia
488 2715 619 2776 finaliter
640 2724 824 2795 perseverat.
868 2713 943 2774 Ideo
966 2714 990 2774 si
1012 2713 1129 2794 aliquos
1152 2722 1287 2772 moveret

87 2820 145 2878 ista
177 2819 313 2897 argucia,
345 2827 479 2879 moveret
504 2818 612 2879 fratres
639 2840 677 2879 ex
700 2837 754 2878 rua
775 2816 993 2895 ingratitudine
1016 2809 1180 2896 antiqua.¹⁶
1224 2813 1288 2874 Nos

88 2933 192 2982 autem
224 2920 383 2994 credimus,
416 2920 496 3002 quod
519 2920 637 2982 Cristus
659 2921 807 2982 concessit
829 2919 1000 2980 libertatem
1032 2939 1085 2979 suo
1117 2917 1223 2988 ordini,
1256 2917 1287 2976 in

88 3025 183 3103 signis
214 3023 407 3084 sensibilibus
438 3033 468 3085 et
498 3023 651 3086 habitibus
682 3024 819 3096 variari,⁹
849 3024 891 3084 sic
913 3032 1024 3095 tamen,
1057 3021 1138 3101 quod
1169 3027 1289 3081 servent

91 3130 218 3187 virtutes
239 3127 270 3186 in
293 3126 404 3198 anima,
428 3147 497 3188 curn
522 3128 554 3188 in
575 3128 668 3206 signis
690 3126 862 3187 huiusmodi
883 3146 943 3186 non
966 3127 1005 3185 sit
1026 3118 1166 3195 virtus¹⁶,
1194 3131 1225 3184 et
1251 3143 1289 3182 ex

49 3231 149 3292 rsista
171 3229 357 3309 gratitudine
379 3229 532 3307 religionis
547 3227 647 3301 Cristi,
671 3249 762 3309 quam
784 3249 940 3308 speramus
962 3247 1017 3288 nos
1039 3226 1169 3287 finaliter
1191 3222 1289 3284 obscr-

91 3352 174 3404 vare,
196 3350 362 3410 speramus,
386 3332 466 3413 quod
482 3332 678 3405 salvabimur,
701 3352 757 3393 nec
780 3351 820 3392 ex
841 3331 944 3412 aliqua
966 3328 1123 3390 evidencia
1145 3329 1177 3388 in
1199 3347 1289 3406 oppo-

90 3435 181 3493 situm
219 3432 403 3494 dubitamus.
457 3434 531 3495 Ideo
568 3435 708 3496 dubitent
737 3435 795 3507 illi,
828 3434 879 3514 qui
909 3441 1035 3512 peccato
1066 3429 1291 3509 ingratitudinis

91 3545 164 3596 sunt
184 3531 327 3596 inlecti.¹⁷
358 3536 422 3597 Nos
444 3539 555 3599 scimus
577 3537 707 3619 quidem,
731 3537 811 3617 quod
833 3535 913 3597 velle
928 3535 1057 3606 adiacet,
1081 3542 1111 3594 et
1125 3553 1290 3611 speramus,

93 3641 175 3719 quod
197 3661 236 3700 ex
259 3639 308 3700 dei
330 3641 435 3719 gracia
457 3642 576 3702 assistet
599 3641 648 3702 dei
670 3641 853 3701 adiutorium
874 3639 932 3700 hoe
955 3656 1176 3699 consummans.

309 3789 322 3821 '¹
338 3796 408 3862 fides,
425 3797 528 3849 caritas,
544 3811 607 3858 sper,
624 3809 661 3856 φ.
683 3793 777 3841 Trinl.
797 3797 858 3850 198,
879 3795 927 3842 133
939 3791 969 3857 ff.
1037 3795 1046 3818 ²
1064 3807 1085 3838 o.
1098 3791 1130 3838 99
1196 3783 1211 3823 s
1226 3805 1247 3836 o.
1260 3791 1292 3837 2³

265 3885 276 3916 ⁰
295 3897 332 3944 cp.
354 3881 449 3930 Trinl.
468 3885 515 3932 4³1
530 3881 574 3947 ff.,·
593 3881 636 3928 De
656 3880 796 3928 Ordt‘aat
815 3880 917 3927 Fratr.
936 3895 991 3940 cap.
1008 3876 1062 3924 III
1073 3891 1101 3938 p.
1121 3879 1152 3924 96

164 4017 353 4070 'virtutesOJ
385 4014 538 4087 veritatesss
590 4013 611 4044 ¹⁰
628 4016 693 4066 fides
710 4017 800 4082 speiJ
832 4015 897 4065 fides
914 4015 930 4064 i.
948 4008 1133 4080 spei(ric)0,·l
1187 4006 1206 4036 ¹¹
1225 4024 1294 4058 arra-

94 4106 184 4155 literJ
228 4103 393 4176 araliterth
417 4108 527 4169 perhaps
550 4102 719 4154 ‘naturaliter'
737 4105 758 4152 is
775 4107 863 4162 amant,
890 4117 927 4164 sp.
946 4103 1053 4149 locem
1070 4100 1112 4146 Da
1132 4099 1213 4158 Carpe
1230 4111 1250 4144 s.
1269 4111 1293 4144 v.

96 4192 181 4256 arulis,
199 4195 250 4242 aad
264 4193 378 4249 Wlkias,
395 4193 440 4242 tl.
497 4189 519 4219 ¹²
536 4189 628 4240 sathan
640 4191 680 4238 CJ
715 4185 878 4256 sathanampi
940 4182 961 4213 ¹³
978 4185 1070 4235 sathan
1080 4185 1122 4232 OJ
1154 4179 1295 4249 satbanap'

97 4275 122 4304 ¹⁴
140 4277 226 4330 inuata
241 4277 281 4350 Ιβ
316 4279 452 4346 ingrataC
520 4272 541 4303 ¹⁶
558 4276 667 4340 antiqua
678 4273 718 4344 Jpl
768 4275 904 4338 antiquata
916 4272 953 4336 (ta
965 4271 1058 4331 κάμ’
1125 4265 1146 4295 ¹⁶
1163 4267 1246 4316 virtus
1256 4267 1296 4314 CJ

135 4361 192 4416 litus
204 4363 277 4434 (οβ
348 4360 368 4391 ¹⁷
386 4363 475 4413 inlecti
485 4362 526 4411 CJ
558 4361 648 4411 infecti
665 4362 790 4410 comented
807 4361 872 4423 frma
888 4359 984 4408 inlecto
993 4353 1012 4426 β
