3188 5148
321 516 390 559 Lxx
774 496 1067 546 INTBODUCTION.

320 665 370 721 De
387 663 637 721 uniuersalibus
655 662 721 719 cal*
738 666 774 719 15
793 669 847 728 (t).

390 753 564 820 Inpugnando
582 767 682 803 errores
698 752 767 803 circs
784 753 951 803 uniuersalis.
980 755 1049 820 finis.
1067 753 1152 819 aperit
1169 767 1347 820 aggressurus.

322 870 373 926 De
391 873 548 938 tempore.

389 960 421 1008 In
438 959 573 1009 tractando
591 958 624 1009 de
642 964 766 1024 tempore.
795 959 866 1026 finis.
885 958 965 1008 instat
983 957 1291 1026 oracionissuffragscio.

320 1074 372 1130 De
388 1073 605 1143 responsione
625 1085 729 1142 quere
746 1073 791 1131 in.
808 1075 841 1130 d,
858 1088 889 1141 q.
906 1078 940 1131 et
958 1090 987 1130 v.

392 1163 464 1214 Inter
480 1163 533 1213 elia
551 1163 640 1214 doctor
658 1179 732 1212 meus
749 1164 917 1214 reuerendus.
946 1164 1016 1233 fisis.
1036 1164 1161 1215 racionsli
1178 1171 1206 1216 et
1223 1165 1342 1216 honesta.

320 1280 370 1336 De
390 1280 654 1337 dissensionibus
671 1284 718 1346 (t)
734 1279 823 1337 leots
838 1280 875 1336 in
893 1295 1031 1338 romans
1048 1281 1197 1338 ecclesia

391 1387 453 1437 lam
471 1386 561 1437 incidit
577 1392 690 1438 uwtsre
708 1385 741 1436 de
759 1386 816 1438 ista.
845 1389 915 1455 fisis.

320 1504 525 1561 Exhortecio
544 1503 719 1560 citiusdam
737 1504 891 1564 doctoris.

390 1594 494 1644 Labore
509 1594 577 1644 siout
594 1594 678 1644 bonus
695 1593 777 1644 miles.
806 1595 875 1661 finis.
895 1595 1021 1645 concedat
1039 1593 1158 1644 deminus
1176 1593 1302 1644 ueritatis.

320 1709 370 1765 De
389 1714 464 1766 octo
482 1710 747 1768 beatitudinibus
765 1725 805 1768 oe
822 1714 868 1767 21.

391 1798 466 1850 Licet
482 1805 565 1848 toturn
584 1800 765 1866 ewangelium.
795 1803 863 1868 finis.
882 1802 958 1867 quasi
975 1817 1029 1851 una
1045 1801 1079 1850 sit
1095 1801 1190 1850 anima.

320 1898 370 1954 De
397 1912 549 1955 sermone
574 1898 703 1955 domini
729 1899 766 1956 in
791 1906 905 1958 monte
931 1914 1032 1968 super
1049 1900 1221 1956 Metheum
1246 1905 1280 1956 et
1306 1897 1466 1954 diuiditur
1483 1894 1518 1949 in

444 1987 603 2051 quattuor
620 1986 726 2043 libros
743 1989 793 2042 62.

390 2073 465 2123 Licet
482 2071 708 2140 tcto'ewaugelie.
738 2077 799 2143 fisis
812 2081 897 2140 prime
913 2077 1007 2140 partia
1028 2075 1161 2126 sufficiunt
1178 2091 1223 2142 pro
1242 2074 1364 2140 presenti.

322 2173 478 2229 Secunde
494 2187 572 2241 psrs
589 2173 638 2228 sic
654 2173 782 2244 incipit

390 2261 513 2328 Sequitur
530 2277 563 2312 ex
582 2268 656 2313 textu
675 2263 822 2330 ewangelii.
851 2267 921 2333 fiais.
940 2265 983 2314 dei
1001 2265 1090 2330 gracia
1107 2278 1221 2330 surgere.

390 2348 505 2415 Explicit
522 2352 648 2398 tractatus
667 2349 699 2398 de
717 2366 836 2401 sennens
855 2351 952 2400 (lentini
970 2350 998 2399 in
1016 2357 1104 2399 monte

446 2433 545 2484 diuisus
562 2434 589 2483 in
608 2434 673 2485 duos
692 2435 770 2485 libros
787 2435 821 2485 ad
839 2435 1035 2486 similitudinem
1052 2436 1140 2500 scripti
1157 2434 1304 2501 Augustini.

320 2533 460 2589 'Porcius
476 2533 563 2591 liber
580 2532 628 2590 sic
645 2534 771 2603 incipit

294 2652 299 2672 .
390 2622 525 2689 completo
541 2627 656 2673 tractatu
673 2624 756 2689 primo
774 2624 921 2691 euangelii.
951 2626 1019 2692 finis.
1039 2640 1091 2673 non
1108 2629 1280 2691 appetentes
1299 2638 1355 2673 nen
1372 2637 1435 2672 esse.

320 2723 470 2787 Quartus
486 2722 574 2778 liber
591 2723 640 2778 sic
658 2723 785 2792 incipit.

388 2811 495 2862 Dictum
522 2817 563 2861 est
587 2812 714 2878 superius,
732 2813 802 2879 quod
819 2814 914 2863 tercius
932 2818 1065 2864 tractatus.
1095 2814 1163 2881 fiais.
1185 2812 1330 2878 posiciones
1348 2814 1394 2875 (i)
1412 2811 1519 2876 disputat

441 2896 520 2947 hubet
537 2897 706 2964 Augustinus.

321 2995 371 3052 De
387 2995 592 3054 fundacione
609 3001 775 3054 sectarum
793 3002 839 3054 16.

389 3085 476 3136 Motus
492 3102 549 3136 sum
566 3102 614 3152 per
630 3088 756 3152 quosdam
774 3088 892 3138 ueritatis
909 3103 933 3138 a.
962 3089 1031 3156 finis.
1049 3087 1159 3138 ecclesis
1176 3087 1210 3136 sit
1227 3085 1322 3136 abluta.

319 3183 369 3242 De
388 3197 428 3240 eo
446 3185 505 3252 qul
521 3185 558 3240 in
578 3187 733 3255 spirltum
749 3191 904 3244 sanetum
920 3190 1044 3256 peccat.

389 3274 448 3324 Non
466 3281 557 3340 peccet
573 3276 601 3325 in
618 3275 736 3342 spiritum
753 3287 879 3338 sanctuni,
898 3281 997 3342 peccat.
1025 3278 1093 3344 finis.
1111 3275 1185 3326 cuius
1203 3273 1349 3325 huiusmodi
1368 3273 1402 3324 sit
1418 3269 1513 3340 prelati.

320 3372 477 3430 Deteeclo
494 3375 634 3442 perfidie
652 3380 817 3432 seotsrurn
835 3375 1031 3433 antichristi.

389 3463 488 3512 Paulus
505 3463 581 3514 docet
598 3463 664 3531 Epir.
684 3465 729 3516 IV.
759 3466 829 3533 finis.
849 3473 889 3515 est
906 3465 1009 3531 questio
1027 3464 1163 3516 ventilata.

318 3565 369 3620 De
386 3565 560 3620 mendacio
578 3563 711 3620 formali
728 3569 781 3631 (l).

391 3653 495 3703 Pseudo
512 3653 605 3703 iratres
622 3659 724 3719 putant.
753 3657 822 3721 fisis.
841 3670 913 3722 greg.
932 3655 1008 3704 eniel.
1027 3659 1102 3704 sexta
1119 3653 1146 3702 in
1164 3652 1224 3702 fine.

320 3751 369 3810 De
387 3752 623 3810 incarnacione
640 3753 736 3808 verbi
752 3755 913 3821 prologus
929 3753 1096 3821 prelibsto
1115 3755 1259 3808 traeutu
1276 3753 1309 3806 et
1326 3755 1444 3807 cetere

391 3842 500 3907 Oportet
524 3849 613 3892 autern
639 3841 808 3907 spiritualiter
834 3842 973 3892 ulantibus.
1011 3845 1079 3909 finis.
1112 3840 1211 3892 curiam
1236 3839 1334 3890 domini
1361 3839 1441 3889 nostri
1466 3839 1517 3886 iesu

440 3927 518 3978 cristi.

321 4027 443 4084 Decem
461 4033 494 4084 et
512 4029 587 4084 octo
605 4027 846 4083 conclusiones.

390 4117 522 4168 Protector
538 4115 642 4183 publice
660 4122 690 4166 ut
707 4131 743 4167 se.
772 4117 842 4184 finis.
862 4132 907 4182 pro
925 4114 1087 4180 euangelica
1104 4119 1268 4180 paupertate.
