3248 5138
111 587 164 634 cop.
188 567 242 636 VJ]
397 572 680 621 Puaonroawar
697 575 844 622 snum
861 570 1020 622 CHRISTI.
1243 569 1303 626 307

110 744 172 804 lum
193 742 313 804 misceri
345 765 414 804 cum
446 743 544 806 beatis
566 745 736 819 ordinibus,
770 747 824 808 sed
855 745 960 807 situari
988 762 1081 823 supra
1112 757 1215 800 omnes
1236 735 1306 797 illos

109 845 230 906 ordines
252 867 321 906 cum
343 847 451 907 Maria

194 947 237 1010 Et
259 948 330 1028 quia
352 950 455 1010 deficit
474 951 535 1011 illis
557 951 702 1013 fundanio
724 953 811 1013 istius
834 950 1020 1021 obediencie,
1045 949 1123 1009 siout
1145 955 1175 1007 et
1197 944 1305 1005 funda·

108 1052 154 1112 cio
177 1053 304 1112 istorum
336 1053 490 1126 ordinum,
522 1054 591 1115 ideo
622 1055 741 1133 fingunt
770 1055 821 1114 vel
852 1053 1027 1132 sompnient
1055 1048 1235 1111 miraculum
1267 1047 1305 1107 de

83 1155 178 1220 avitis
201 1155 335 1234 petroni,
369 1156 450 1236 quod
480 1176 559 1218 unus
589 1158 702 1218 virtute
732 1157 819 1218 istius
846 1155 1022 1217 obediencie
1048 1153 1160 1232 rigavit
1181 1151 1305 1214 cottidie

107 1257 192 1336 ligna
223 1277 298 1337 pure
328 1258 453 1337 putrida
483 1269 514 1320 et
540 1260 734 1338 postmodum
761 1259 936 1321 floruerunt.
981 1258 1076 1329 Ymo,
1107 1256 1226 1334 fingunt
1247 1254 1305 1315 sibi

107 1361 304 1439 principium,
337 1361 418 1441 quod
446 1362 557 1423 virtute
580 1361 756 1423 obediencie
778 1362 919 1424 faciende
941 1361 996 1422 tali
1017 1360 1179 1440 preposito,
1205 1358 1304 1418 dimit·

106 1464 201 1524 tenda
222 1472 270 1524 θεῖ
283 1464 456 1543 predicacio
471 1465 556 1525 verbi
572 1465 621 1526 dei
636 1475 667 1526 et
682 1466 882 1546 quodcunque
905 1485 980 1544 opus
1003 1462 1198 1534 meritorium,
1222 1461 1303 1542 quod

106 1567 287 1645 exprimitur
312 1568 530 1645 inscriptura,
563 1578 594 1628 et
624 1568 798 1647 colligenda
825 1577 896 1630 sunt
926 1567 1087 1638 stramina,
1119 1562 1304 1625 excorianda

69 1669 157 1734 revel
178 1669 309 1747 riganda
330 1670 428 1746 ligna,
456 1679 510 1730 aut
531 1670 673 1732 facienda
704 1692 882 1751 quecunque
914 1691 1020 1750 opera,
1053 1689 1112 1749 que
1133 1669 1303 1748 prepositus

106 1773 159 1832 ille
180 1773 317 1833 mandat.
362 1772 404 1832 Et
426 1773 469 1833 sic
490 1773 615 1834 inventa
638 1784 684 1834 est
705 1794 767 1834 una
789 1773 967 1836 obediencia
993 1793 1048 1852 per
1069 1772 1124 1832 hos
1141 1791 1237 1832 novos
1259 1791 1304 1830 or-

104 1877 203 1949 dines,
227 1875 309 1956 quod
335 1875 483 1956 quidquid
504 1875 621 1938 Cristus
644 1898 698 1956 per
720 1897 789 1937 suos
810 1877 915 1938 fideles
937 1876 1075 1956 precipit,
1099 1895 1160 1935 non
1183 1885 1229 1936 est
1247 1872 1304 1934 sub

103 1991 169 2040 tam
192 1979 346 2039 meritoria
373 1977 553 2039 obediencia
578 1979 767 2052 faciendum,
800 1980 879 2041 sicut
904 1979 1078 2040 faciendum
1101 1989 1149 2038 est
1169 1998 1245 2057 opus
1266 1978 1304 2038 ir-

103 2080 294 2142 racionabile
316 2090 347 2142 et
368 2081 505 2155 stultum,
529 2083 610 2161 quod
633 2081 783 2161 dyabolus
804 2082 864 2142 illis
887 2083 1023 2142 mandat.

66 2203 93 2248 rt
193 2183 321 2244 Constat
352 2183 474 2264 quidem
507 2205 545 2245 ex
577 2186 636 2246 fide
657 2187 806 2264 scripture
827 2185 893 2246 Ioh.
918 2181 963 2258 6⁶,
996 2183 1078 2266 quod
1101 2184 1237 2264 prelatus
1265 2185 1303 2245 de

101 2285 243 2364 possibili
265 2287 423 2364 prescitus,
447 2286 527 2366 quod
550 2286 748 2365 probabiliter
775 2309 846 2367 sepe
870 2289 984 2361 evenit,
1017 2296 1063 2349 est
1090 2308 1168 2348 unus
1190 2287 1303 2367 dyabo-

102 2389 153 2448 lus
176 2389 256 2450 sicut
276 2389 384 2462 Iudas,
408 2398 440 2450 et
461 2397 623 2469 antequam
656 2401 723 2450 orta
744 2390 804 2450 fuit
824 2390 881 2451 hec
909 2391 1100 2464 obediencia,
1134 2391 1195 2452 tale
1227 2412 1303 2470 opus

102 2491 213 2552 fuisset
233 2491 455 2565 irracionabile‚
485 2501 516 2552 et
537 2491 586 2553 vel
608 2493 672 2571 ipse
694 2494 769 2553 facit
790 2493 869 2553 illud
892 2514 958 2554 esse
987 2494 1173 2554 meritorium
1202 2504 1304 2574 preter

102 2595 262 2655 dominum
284 2594 386 2655 Iesum
410 2592 553 2670 Cristum,
585 2595 635 2656 vel
665 2596 793 2657 inclinat
824 2596 915 2655 deum
946 2605 1037 2676 atque
1068 2597 1232 2658 necessitat
1263 2597 1301 2657 ad

64 2697 286 2776 eodignitatem
308 2697 390 2758 illius
413 2699 511 2776 operis
526 2698 708 2760 meritoriam
724 2698 909 2759 faciendum.
944 2699 992 2758 De
1007 2697 1185 2760 obediencia
1200 2708 1300 2760 autem

103 2801 295 2861 declarotmn
319 2810 365 2861 est
386 2801 475 2873 elias,
508 2801 588 2880 quod
620 2801 705 2862 nulla
736 2802 915 2863 obediencia
941 2801 1083 2862 facienda
1111 2810 1157 2863 est
1177 2803 1300 2875 homini,

103 2904 160 2964 nisi
184 2904 224 2963 de
247 2913 360 2983 quanto
383 2912 472 2964 sonat
500 2904 531 2963 iu
563 2903 771 2965 obedienciam
799 2905 913 2965 factam
941 2925 980 2966 ex
1008 2906 1134 2966 caritate
1157 2906 1301 2966 mandato

103 3007 220 3067 domini
242 3006 314 3067 Iesu
335 3005 436 3066 Cristi.
483 3005 573 3081 Quod
604 3007 629 3084 εἰ
660 3015 765 3067 contra
792 3008 892 3087 ipsum
920 3009 1068 3081 sonuerit,
1100 3008 1301 3069 resistendum

103 3121 149 3171 est
172 3109 228 3170 tali
250 3109 369 3188 prelato
400 3109 535 3181 viriliter,
568 3110 680 3170 virtute
711 3109 887 3172 obediencie
903 3119 915 3180 11
932 3111 1081 3183 resistive,
1113 3131 1182 3171 cum
1205 3111 1301 3171 omnis
1315 3123 1377 3175 ΙΙΑἸι
1387 3126 1472 3176 s⁰1··⁶2⁰

65 3223 246 3278 recreatum
269 3212 343 3272 dicit
364 3212 444 3272 hanc
466 3212 640 3285 veritatem,
669 3221 700 3272 et
721 3233 776 3291 per
797 3233 983 3292 consequens
1009 3215 1079 3276 talis
1101 3213 1236 3294 prelatus
1258 3234 1302 3274 se·

105 3315 240 3376 cundum
267 3335 371 3376 omnes
393 3315 457 3375 eius
479 3324 581 3393 partes
603 3316 731 3376 mandat
752 3315 944 3389 naturaliter,
977 3316 1058 3396 quod
1087 3317 1159 3378 talis
1189 3316 1302 3377 veritas

105 3419 305 3499 compleatur.
350 3414 428 3476 Cum
457 3438 528 3495 ergo
551 3417 686 3496 prelatus
713 3428 775 3478 tam
800 3418 929 3478 sollicite
953 3427 1044 3479 etex
1066 3429 1153 3480 tanta
1173 3420 1301 3480 auctori·

104 3533 167 3583 tate
190 3520 306 3582 domini
328 3499 454 3580 mandet
475 3520 555 3580 istud
572 3530 602 3580 θῖ
623 3520 708 3580 aliud
724 3529 829 3580 contra
844 3521 1004 3594 racionem,
1028 3542 1089 3582 non
1104 3522 1231 3582 mandet
1244 3522 1301 3582 nisi

105 3635 139 3684 ut
161 3624 269 3685 devius
291 3633 322 3684 θῖ
343 3623 470 3683 insanis:
494 3623 526 3682 in
548 3623 605 3683 isto
628 3621 719 3682 debet
741 3621 798 3682 sibi
821 3622 936 3683 obediri
952 3624 1104 3703 precipue,
1129 3634 1160 3684 et
1185 3625 1217 3684 iu
1240 3624 1300 3684 alio

66 3744 97 3791 to
105 3727 197 3788 debet
218 3726 318 3787 fidelis
339 3725 397 3787 sibi
419 3727 451 3785 in
473 3727 594 3786 nomine
617 3726 666 3785 dei
688 3745 867 3804 repugnare.
912 3725 955 3786 Et
976 3726 1065 3786 istam
1093 3726 1300 3788 obedienciam

106 3830 218 3891 vellem
232 3828 287 3889 hos
309 3838 408 3889 sectas
430 3828 567 3889 novellas
589 3828 755 3889 attendere.
801 3828 887 3889 Tunc
911 3828 989 3888 enim
1005 3849 1067 3889 non
1084 3831 1302 3890 constituerent

106 3953 217 4012 papam
229 3931 383 3992 dominum
398 3931 688 4003 suarumdomorum,
705 3929 850 3991 librorum
865 3941 895 3991 et
904 3931 1298 4012 aliorumquorumcunque,

107 4056 164 4115 que
186 4034 321 4113 spoliant
343 4033 381 4093 de
403 4034 513 4111 regnis,
547 4054 604 4113 que
627 4034 765 4094 incolunt
809 4033 886 4093 Cum
909 4035 967 4094 ista
994 4033 1173 4095 obediencia
1195 4035 1234 4095 sit
1256 4034 1300 4093 lu·

107 4138 233 4197 ciferina
255 4145 286 4197 et
309 4137 459 4197 contraria
483 4137 595 4196 racioni
620 4173 661 4180 —
685 4156 767 4215 papa
789 4137 868 4196 enim
887 4136 978 4197 debet
1002 4157 1066 4197 esse
1081 4137 1299 4217 pauperrimus,

109 4275 246 4282 ---.--.-—
263 4277 279 4280 —
302 4277 333 4280 —
356 4276 445 4281 ..—.-.

319 4355 329 4386 ⁶
346 4377 368 4408 o.
381 4364 414 4409 70

1035 4441 1087 4494 20*
