3248 5138
364 531 427 589 304
779 529 972 578 ronanam
994 529 1135 586 Wrcnrr,
1418 523 1469 592 Ρη.
1483 526 1514 574 rr

1584 628 1585 660 l

365 720 427 760 non
449 699 608 779 approbat,
631 700 840 762 indubitanter
859 702 1011 781 reprobat.
1043 701 1205 778 Quomodo
1226 701 1319 780 igitur
1338 721 1395 762 non
1412 709 1450 762 est
1465 699 1516 758 stul·
1584 697 1585 752 ἒ

364 802 436 863 ticia
465 802 579 863 intrare
610 803 660 864 vel
691 804 855 866 defendere
886 805 980 865 talem
1011 805 1144 866 statum?
1193 803 1313 882 Religio
1342 804 1427 882 igitur
1444 802 1521 862 dilecti
1584 801 1585 848 f

365 904 457 966 Cristi
478 905 558 966 foret
578 926 700 968 servare
722 915 819 967 status
850 917 881 968 θῖ
902 907 1003 968 officia
1024 909 1057 968 in
1079 907 1222 980 ecclesia,
1255 925 1314 987 que
1335 905 1443 966 Cristus
1463 905 1523 964 inni·
1584 923 1585 926 ’

364 1009 432 1082 tuit,
456 1017 487 1070 θῖ
508 1009 663 1071 destruere
684 1010 747 1082 illa,
771 1030 829 1090 que
850 1010 906 1070 iste
930 1010 1070 1072 dominus
1091 1030 1153 1071 non
1173 1009 1298 1070 invenit.

450 1111 492 1172 Et
514 1121 661 1192 quantum
684 1113 724 1174 ad
745 1122 889 1191 patronos
912 1122 943 1174 et
957 1121 1087 1187 sanctos,
1111 1113 1163 1193 qui
1184 1113 1308 1173 fuerant
1323 1113 1362 1174 de
1382 1112 1436 1172 hiis
1454 1112 1553 1173 sacmt

365 1223 459 1294 patet,
493 1215 574 1295 quod
596 1223 693 1276 totum
725 1216 782 1276 hoc
810 1226 856 1276 θεῖ
883 1215 1054 1295 apocrifum
1076 1217 1153 1277 citra
1174 1211 1290 1277 fidam.l
1333 1215 1376 1276 Et
1396 1215 1527 1294 supposito,

367 1317 448 1396 quod
470 1317 508 1377 sit
529 1337 648 1390 verum,
677 1326 776 1398 patet,
806 1318 887 1399 quod
915 1319 972 1380 hoc
996 1329 1042 1380 θεῖ
1063 1339 1112 1392 θο,
1145 1319 1227 1399 quod
1249 1317 1346 1380 libere
1367 1331 1529 1380 servaverant

366 1418 466 1498 legem
489 1417 589 1492 Cristi,
613 1429 644 1481 et
665 1441 726 1480 non
749 1422 820 1502 quia
842 1422 885 1482 sic
907 1422 1007 1483 aliene
1022 1431 1220 1483 servaverant
1240 1421 1314 1482 istos
1335 1422 1417 1482 ritus
1450 1419 1485 1479 Et
1501 1420 1529 1477 sir

366 1521 412 1582 illi
433 1523 530 1583 sancti
552 1522 677 1583 fuerunt
698 1523 789 1584 valde
810 1526 948 1586 extranei
970 1524 1009 1585 ab
1031 1525 1097 1586 istis
1115 1524 1281 1597 ordinibus,
1304 1525 1376 1605 quia
1397 1543 1459 1584 cnm
1477 1521 1530 1580 ordo

367 1624 416 1684 vel
439 1634 523 1686 secta
544 1625 583 1686 sit
604 1646 652 1686 res
673 1627 854 1700 inanimata,
884 1649 941 1708 que
963 1636 1128 1707 generatur
1149 1628 1200 1688 val
1226 1627 1427 1706 oornrmpitur
1446 1624 1479 1684 ad
1496 1636 1551 1701 gei·

366 1728 558 1788 neracionem
580 1728 631 1788 vel
653 1730 881 1809 corrupcionem
903 1730 998 1808 partis
1021 1750 1083 1804 sue,
1107 1739 1202 1810 patet,
1226 1729 1378 1810 quomodo
1402 1729 1455 1790 iste
1473 1743 1531 1786 seue
1585 1719 1586 1790 l

366 1830 487 1890 novelle
509 1830 622 1909 pluries
643 1832 799 1892 innovant.

451 1932 510 1994 Est
530 1933 623 2011 igitur
643 1943 727 1994 secta
747 1933 838 1995 Cristi
860 1935 976 2008 melior,
998 1934 1119 1996 facilior
1133 1945 1224 2014 atquc
1244 1935 1399 1996 securior.c
1439 1933 1488 1994 Est
1504 1933 1534 1992 in·
1585 1953 1586 1968 ¹

367 2055 458 2116 quam
481 2035 601 2109 melior,
634 2037 704 2116 quia
727 2038 801 2097 deus
824 2039 888 2099 eius
911 2048 1057 2117 patronus
1084 2058 1123 2098 ex
1145 2058 1265 2098 summa
1290 2037 1443 2116 sapiencia
1459 2037 1535 2115 ipsam

367 2138 506 2198 instituit.
1544 2144 1563 2187 r.

452 2240 495 2301 Et
516 2249 563 2302 est
583 2241 716 2315 facilior,
744 2243 815 2323 quia
837 2263 898 2302 non
921 2241 1038 2321 obligat
1064 2242 1104 2302 ad
1126 2242 1181 2303 hos
1203 2243 1279 2304 ritus
1300 2236 1479 2312 sensibilesl,
1498 2239 1536 2300 sai

368 2343 409 2404 ad
430 2343 558 2404 virtutes
580 2344 679 2405 anime
702 2355 733 2405 ct
759 2366 853 2425 opera
876 2346 1020 2408 caritatis.
1065 2343 1158 2406 Unde
1188 2365 1277 2407 nemo
1304 2354 1406 2425 potest
1433 2343 1537 2424 spoliarr

369 2445 522 2506 hominem
544 2445 584 2507 ab
606 2446 665 2508 hac
688 2457 785 2522 scota,
812 2448 870 2509 nisi
891 2449 986 2527 gratis
1008 2448 1139 2509 voluerit
1158 2448 1257 2527 ipsam
1280 2448 1428 2520 deseram,
1453 2458 1479 2508 et
1496 2445 1538 2504 bor

199 2565 262 2617 {aaa
271 2565 358 2615 saara
370 2548 475 2627 iugum
497 2548 628 2609 fideliter
648 2549 839 2612 trahentibus
866 2560 912 2613 est
932 2572 1027 2612 suave
1049 2559 1080 2611 et
1102 2571 1178 2612 onus
1199 2550 1268 2612 leve
1321 2551 1403 2613 Ymo
1426 2551 1527 2611 doctum
1586 2591 1587 2650 t

370 2661 424 2723 est,
449 2652 529 2730 quod
550 2652 582 2712 in
603 2661 747 2730 patrono,
775 2653 807 2713 in
829 2655 936 2733 regula
963 2664 994 2715 θῖ
1014 2655 1047 2714 in
1068 2652 1225 2726 militibus,
1256 2655 1288 2715 in
1314 2665 1400 2716 secte
1423 2652 1587 2714 emmau:

370 2753 580 2827 militantibus,
610 2756 678 2834 ipsa
709 2757 834 2817 excellit
864 2757 984 2818 ordines
1015 2757 1088 2817 istos
1119 2776 1223 2817 novos.
1267 2757 1305 2818 ln
1332 2759 1419 2819 cuius
1444 2759 1540 2833 signum
1586 2769 1587 2774 ¹

370 2856 461 2934 longe
475 2856 545 2935 plus
559 2859 688 2935 profecit
702 2859 832 2920 ecclesia
847 2880 902 2938 pcr
916 2869 1030 2920 sectam
1046 2859 1147 2932 Cristi,
1171 2881 1263 2940 quarn
1278 2881 1332 2940 per
1350 2861 1426 2921 istos
1446 2857 1541 2920 ordire

371 2959 560 3032 adinventos,
577 2980 645 3020 cum
662 2970 840 3041 atempore,
857 2983 916 3043 quo
931 2963 1096 3024 introducti
1111 2963 1242 3036 fuerant,
1262 2962 1400 3046 decrevit
1413 2959 1542 3023 ecclesia.

456 3062 549 3123 Notat
570 3063 663 3142 igitur
684 3063 782 3125 fidelis
804 3065 879 3126 ritus
901 3074 931 3125 θῖ
952 3065 1103 3144 regulam,
1134 3067 1174 3127 ad
1197 3085 1271 3146 quos
1293 3085 1325 3126 εθ
1348 3065 1481 3144 obligant
1500 3062 1542 3119 istc

371 3173 461 3237 secte,
493 3173 524 3225 et
545 3165 670 3239 videbit,
703 3167 853 3247 quomodo
876 3167 992 3239 omnia,
1025 3189 1083 3248 que
1105 3177 1206 3247 preter
1232 3168 1331 3248 legem
1354 3166 1445 3228 Cristi
1466 3165 1571 3226 oter-a

371 3277 454 3339 vant,
478 3277 549 3328 sunt
569 3268 698 3330 ludicria
721 3270 760 3330 ad
777 3290 852 3330 onus
875 3270 1002 3331 ecclesie
1016 3291 1071 3350 pcr
1086 3270 1252 3350 dyabolum
1266 3271 1449 3332 introducta.
1481 3267 1543 3327 Nan

372 3390 410 3430 ex
433 3379 581 3449 tempore,
615 3391 674 3451 quo
701 3372 884 3433 eucharistia
905 3373 1036 3434 fundata
1058 3382 1104 3434 est
1130 3373 1293 3434 infideliter
1320 3394 1387 3435 θεεθ
1409 3371 1486 3434 color
1507 3365 1543 3426 rol

371 3473 477 3550 figura,
499 3474 557 3534 iste
578 3483 659 3535 secte
680 3475 713 3534 in
734 3475 799 3536 istis
822 3475 1030 3537 accidentibus
1052 3476 1245 3538 sensibilibus
1267 3470 1457 3536 floruerunts.

457 3575 499 3636 Et
520 3586 567 3637 est
588 3586 671 3638 secta
694 3576 786 3638 Cristi
808 3579 955 3651 securior,
988 3580 1059 3659 quia
1084 3577 1271 3658 impossibile
1298 3590 1345 3641 ost
1369 3579 1483 3640 fidelem
1501 3571 1544 3634 sub

372 3678 430 3738 ista
451 3678 516 3739 vita
538 3700 632 3760 usquc
655 3680 695 3740 ad
718 3681 780 3740 vita
808 3681 970 3741 terminum
1001 3681 1145 3754 militare,
1178 3683 1236 3744 nisi
1267 3703 1303 3744 eo
1334 3683 1399 3761 ipso
1421 3688 1565 3760 perpetuu

584 3865 595 3896 ι’
613 3885 642 3917 or
654 3872 679 3917 to
691 3869 739 3918 tta
751 3870 878 3926 αεεενῖίοει,
894 3885 932 3932 cp.
944 3869 1026 3925 odorae,
1042 3869 1159 3918 Danao.
1172 3860 1544 3930 Praevar.n1auaoap.sll

539 3971 567 4016 Ρ.
581 3959 629 4003 lu
694 3957 703 3981 ⁶
721 3955 769 4002 thie
785 3956 906 4002 mention
923 3955 945 4003 r'e
962 3971 1019 4020 very
1037 3956 1104 4018 asten
1122 3955 1173 4004 aad
1188 3955 1336 4020 afflapmtly
1352 3954 1463 4020 repeated
1478 3951 1503 4014 by
1518 3945 1544 3994 ls-

543 4041 643 4102 epotaret
659 4041 699 4088 the
717 4040 797 4096 Secta,
818 4056 868 4103 op,
885 4041 928 4104 sor
945 4041 1066 4096 instance,
1084 4039 1165 4096 olooe,
1179 4057 1206 4104 Ρ.
1225 4045 1271 4099 29,-
1299 4047 1345 4100 aa·
1373 4045 1417 4098 73,-
1443 4043 1483 4094 97,-
1507 4036 1542 4082 13⁹

543 4120 603 4174 “aa
614 4130 639 4174 to
652 4127 723 4181 ltere,
741 4143 787 4189 op..
798 4127 848 4189 sor.
861 4127 925 4187 inat,
938 4125 1019 4183 obora
1033 4143 1061 4190 Ρ.
1076 4129 1124 4176 143
1169 4128 1233 4190 ‘qa
1246 4127 1285 4176 ide
1296 4144 1363 4176 rame
1370 4121 1543 4191 permaniat·

540 4227 568 4274 p.
580 4214 631 4262 230
661 4207 676 4246 s
686 4229 715 4260 oe
732 4217 757 4260 fo
775 4213 814 4260 tlte
831 4211 951 4274 apiribcal
961 4211 1068 4260 relation
1077 4213 1110 4276 os
1117 4213 1157 4260 tlte
1168 4212 1315 4262 Meadrbaaf
1327 4213 1417 4262 Orderr
1428 4215 1451 4258 to
1463 4209 1496 4256 aa
1507 4204 1542 4250 do

544 4312 600 4344 marr
618 4297 729 4345 doctrine
746 4299 778 4360 os
794 4297 1058 4355 Pranmtrtantiatioa,
1075 4315 1113 4362 ιΡ.
1132 4297 1237 4346 Leehler
1255 4299 1279 4354 Ι,
1296 4303 1346 4350 588
1355 4297 1384 4364 ff·
