3188 5148
348 541 454 585 XLVIII
808 522 853 570 IN
853 521 1040 570 TRODUCTI
1041 522 1095 572 ΟΝ.

345 689 395 746 De
412 691 550 759 speculo
568 689 770 746 secularium
788 690 1001 746 dominorum
1019 689 1168 757 capitulo
1186 694 1214 746 5.

414 779 480 830 Cum
499 779 595 829 ueritus
612 777 673 828 fidei
691 795 722 829 eo
741 779 806 846 plus.
836 781 906 848 fisis.
924 777 1086 830 concorditer
1104 778 1283 829 inuehendunr

1210 865 1368 916 dilectantur
1382 867 1435 927 (l).

344 990 393 1045 De
411 989 558 1057 quodem
574 991 763 1060 periculoso
781 990 956 1046 menducio
974 989 1107 1047 nouiter
1124 990 1253 1058 peccati
1271 996 1317 1056 (r)
1334 997 1405 1048 sete
1423 1005 1461 1046 es
1476 993 1500 1044 t.

413 1078 479 1129 (lum
497 1095 594 1145 paruus
612 1095 682 1130 error
699 1086 726 1129 et
742 1079 778 1129 in.
808 1082 875 1147 finis.
895 1077 1079 1128 insensibiliter
1096 1079 1234 1130 modicum.

343 1205 394 1261 De
410 1204 549 1261 materie
567 1208 600 1262 et
617 1205 725 1263 forms
744 1204 899 1274 ospituls.

413 1293 478 1344 (lum
496 1294 605 1345 materia
623 1300 649 1344 et
666 1294 749 1344 forms
766 1294 818 1344 sint
834 1291 1000 1343 universalia.
1029 1294 1099 1361 finis.
1113 1293 1192 1342 aliam
1205 1293 1350 1344 essencism
1361 1301 1448 1360 preter
1458 1291 1527 1341 deun.

341 1420 391 1476 De
409 1419 673 1477 concordscione
691 1419 843 1474 fratrum·
861 1432 901 1473 ce
917 1420 948 1473 4.

411 1509 476 1558 Cum
493 1509 603 1559 christus
619 1509 653 1558 sit
668 1508 766 1575 primus
784 1515 811 1558 et
828 1507 990 1559 nouissimus.
1016 1509 1085 1575 fisis.
1102 1507 1238 1558 mendacio
1253 1509 1287 1558 sit
1303 1507 1447 1560 fundatum.

341 1627 391 1682 De
409 1628 537 1695 septem
555 1625 653 1682 donis
670 1624 808 1694 spiritus
825 1624 941 1681 suncti.
957 1637 997 1680 ce
1016 1626 1044 1679 8.

411 1715 477 1765 Cum
503 1714 607 1780 spiritu
632 1720 737 1764 sanctus
762 1713 797 1763 sit
818 1714 898 1764 tercia
915 1728 1026 1780 persone
1043 1713 1174 1764 trinitatis.
1203 1715 1272 1782 fisis.
1291 1714 1468 1781 multipliciter
1482 1725 1526 1776 pur

462 1801 560 1867 phetst

341 1925 523 1995 Exposicio
539 1928 653 1982 textus
669 1925 719 1980 Mt
737 1927 779 1981 23
798 1938 837 1981 os
853 1928 899 1980 12.

411 2014 476 2066 Cum
493 2014 626 2080 sapiencia
643 2013 686 2065 dei
703 2013 790 2081 patris.
820 2016 889 2083 finis.
906 2014 934 2064 in
951 2013 1006 2064 istis
1024 2013 1129 2080 perfidis
1146 2015 1202 2064 sine
1221 2013 1289 2066 line·

341 2132 390 2188 De
408 2131 653 2188 ustioinscione
671 2144 709 2186 cs
727 2133 756 2186 a

409 2221 475 2272 Cum
493 2219 636 2270 secundum
653 2224 757 2270 sanctos
774 2225 876 2284 spectet
893 2219 927 2268 sd
944 2220 986 2270 off.
1016 2222 1084 2288 finis.
1103 2219 1214 2272 ecclesie
1232 2227 1272 2272 est
1288 2221 1386 2273 sedata.

339 2338 389 2393 De
407 2336 693 2393 condemnsoione
711 2339 748 2392 19
766 2335 1030 2393 conclusionum.

409 2425 475 2475 Cum
491 2424 636 2476 secundum
653 2426 799 2490 apostolum
817 2425 897 2476 Hebr.
913 2427 952 2475 11.
970 2427 1039 2492 finis.
1057 2431 1085 2475 et
1100 2426 1143 2492 pie
1160 2427 1188 2476 in
1206 2427 1362 2494 euangelica
1379 2428 1525 2494 paupertate.

409 2511 475 2562 Cum
492 2517 581 2562 autern
598 2510 698 2579 spiritui
715 2516 804 2562 sancte
822 2511 992 2577 apropriatur.
1021 2513 1089 2580 fisis.
1106 2512 1133 2560 in
1151 2512 1272 2578 Angliam
1289 2514 1422 2579 geminare
1442 2513 1490 2577 (l).

339 2627 497 2698 Epistola.

407 2716 473 2767 (lum
490 2715 584 2782 prelati
601 2716 808 2768 contencionum.
837 2719 906 2786 fluis.
924 2734 984 2768 suos
1002 2718 1107 2768 scucius
1125 2717 1258 2784 puniendi.

337 2834 439 2891 Liber
455 2833 579 2890 ter-clus
601 2833 644 2890 de
665 2847 818 2890 sermone
839 2834 968 2890 domini
989 2833 1026 2889 in
1048 2838 1161 2890 monte
1184 2848 1246 2890 sec.
1263 2835 1322 2891 Mu
1345 2849 1448 2903 quere
1464 2827 1527 2889 int

334 2923 338 2934 ’
458 2929 514 2975 0⁸⁸
531 2922 561 2974 4.

406 3008 541 3074 Completo
559 3013 672 3058 tractatu
689 3009 771 3075 primo
790 3009 936 3075 euangelii.
965 3011 1034 3076 finis.
1053 3015 1185 3074 repeteret
1201 3024 1229 3059 se
1248 3026 1300 3060 nen
1318 3025 1384 3062 esse.

335 3125 511 3182 sermones
528 3124 571 3181 de
588 3129 737 3194 tempore
755 3138 816 3194 per
833 3124 998 3181 circulum
1015 3125 1096 3181 enni
1113 3125 1299 3182 seeundum
1318 3124 1503 3195 coangelis

406 3212 472 3264 (inm
490 3214 555 3265 deus
571 3214 742 3280 undiquaque
759 3214 861 3280 plenus.
891 3216 959 3282 finis.

334 3333 377 3388 33
395 3331 636 3388 conclusiones.

403 3419 501 3470 erutus
528 3420 592 3471 deus
618 3427 706 3471 noster
722 3421 792 3486 cepit
809 3421 855 3483 (l)
876 3420 1032 3470 uniuersalis
1054 3435 1119 3470 esse.
1148 3422 1216 3488 fisis.
1236 3419 1444 3486 compendiosius
1464 3411 1525 3467 dubii

455 3520 555 3571 pacem.

332 3623 383 3678 De
401 3621 611 3679 confessione
629 3622 701 3679 slus
719 3624 761 3678 de
781 3621 980 3678 eucherstis
997 3627 1031 3680 st
1048 3622 1156 3690 prims
1173 3626 1219 3686 (r)
1237 3635 1275 3677 ce
1294 3624 1322 3676 6.

402 3713 463 3763 Duo
480 3717 541 3762 sunt
557 3717 721 3762 sacramente
738 3712 870 3777 precipua.
899 3713 969 3779 ῥῆξε.
989 3711 1153 3762 constancius
1171 3711 1295 3762 confiteri,

333 3829 382 3885 De
400 3829 555 3886 oracione
573 3833 605 3885 et
622 3827 762 3886 ecclesie
780 3828 1043 3897 purgacionem
1061 3830 1090 3884 ’1.

401 3919 526 3969 Dicturus
544 3917 577 3968 de
595 3919 715 3969 oracione
733 3923 767 3968 et
797 3919 866 3984 fisis.
885 3916 1015 3982 quomodo
1033 3917 1145 3968 suntab
1163 3915 1274 3968 ecclesis
1292 3917 1456 3982 expellentis

505 4021 600 4084 (Goion
617 4024 717 4083 uocat.)

401 4124 507 4198 Dictum
526 4129 566 4174 est
582 4123 615 4174 de
633 4121 756 4191 gradibus
775 4121 892 4174 ecclesie.
921 4123 990 4190 finis.

1583 4019 1584 4068 l

331 4241 381 4296 De
398 4239 579 4297 commodis
596 4239 877 4296 conuenientibus
889 4253 933 4295 ex
942 4238 1144 4296 reduccione
1156 4238 1210 4296 del
1222 4237 1267 4294 sd
1280 4238 1467 4296 omolonem
1477 4240 1492 4302 (
1493 4237 1521 4298 d·

401 4329 506 4380 Dictum
524 4333 564 4380 est
581 4329 608 4378 in
624 4327 756 4378 solucione
774 4327 909 4378 cuiusdam
927 4327 1081 4395 argumenti.
1110 4327 1180 4396 finis.
1583 4315 1584 4368 l
