3262 5156
353 585 463 628 xxxv1
812 559 1099 612 IM'BODUONON.

246 765 290 806 eoa
304 766 326 807 c.
459 741 499 800 19
522 738 571 800 De
592 735 776 799 fundacione
798 745 948 798 sectarum

460 847 500 904 34
523 840 572 902 De
594 850 677 921 quat.
701 848 774 901 sect.
796 861 867 900 nov.

459 949 501 1008 46
524 944 671 1024 Respons.
696 941 736 1004 ad
758 947 799 1005 44
822 943 962 1022 enguciae
984 942 1181 1003 monachales

460 1051 500 1110 66
522 1047 622 1128 Epist.
644 1047 738 1108 missa
759 1045 799 1106 ad
821 1046 924 1125 Episc.
947 1037 1090 1106 Nortmic.

460 1155 499 1213 67
523 1150 615 1230 Resp.
638 1149 679 1211 ad
702 1155 741 1211 18
765 1169 882 1228 argum.
906 1147 1017 1208 Strodc

460 1258 499 1315 75
521 1253 571 1314 De
593 1253 787 1314 ordinacione
808 1251 938 1313 fratrum

461 1361 499 1418 79
522 1356 572 1417 De
594 1357 682 1418 citae.
705 1355 774 1416 friv.
797 1363 829 1416 et
850 1353 889 1415 al.
913 1373 1028 1416 versuo.

460 1464 501 1521 83
524 1457 651 1535 Questic
672 1459 832 1520 cuiusdam
854 1456 941 1518 verit.
965 1456 1140 1518 emulatoris

459 1567 500 1624 84
523 1562 649 1622 Dictum
672 1561 710 1622 de
732 1560 877 1640 gradibus
899 1560 1025 1620 ecclesie

459 1669 500 1726 85
522 1663 638 1744 Expos.
661 1663 772 1725 Matth.
796 1657 850 1724 23¹
871 1683 940 1742 cap.

460 1771 500 1828 88
523 1766 639 1846 Expos.
662 1765 773 1828 Mattb.
797 1761 852 1827 74ι
871 1785 939 1845 cap.

439 1874 500 1931 104
523 1869 572 1930 De
595 1868 835 1932 confessionibus

439 1977 501 2034 110
523 1972 572 2034 De
593 1972 735 2034 Ecclesia

439 2079 500 2136 110
523 2074 573 2136 De
595 2076 699 2137 ordine
721 2075 931 2137 cristianorum

440 2181 501 2240 124
523 2178 573 2239 De
594 2177 694 2239 Crista
716 2186 748 2239 et
768 2198 822 2239 suo
845 2177 1020 2240 adversario
1147 2175 1150 2180 ’

441 2286 502 2343 134
525 2279 670 2342 Cruciata

440 2389 501 2446 134
523 2383 583 2463 Ep.
606 2385 699 2446 missa
720 2384 761 2445 ad
781 2383 927 2464 Archiep.
951 2382 1098 2445 Cantuar.

353 2509 373 2550 a
394 2489 480 2549 blank
500 2508 585 2568 space
604 2489 738 2566 selloca·
759 2489 839 2548 dum:

440 2595 500 2652 145
523 2590 583 2670 Ep.
606 2590 698 2652 missa
720 2591 760 2652 ad
782 2590 934 2671 simplices
956 2591 1129 2652 sacerdotes

441 2698 501 2756 146
524 2691 687 2755 Conclusio
709 2694 748 2755 de
769 2693 819 2755 off.
842 2694 922 2773 regis

439 2795 593 2872 Quattuor
613 2797 850 2876 imprecaciones

437 2897 574 2960 Dubium
597 2909 704 2960 contra
725 2898 901 2973 cavilantes,
925 2898 1007 2980 quod
1028 2899 1150 2978 presciti
1172 2908 1243 2960 sunt
1264 2898 1394 2961 ecclesia

437 3001 497 3082 Ep.
520 3001 612 3063 missa
634 3002 674 3063 ad
696 3000 814 3064 Urban.
837 3000 895 3062 VI.

438 3109 497 3166 147
520 3104 580 3186 Ep.
604 3105 645 3166 ad
666 3105 818 3186 quendem
841 3113 1010 3165 consortem
1032 3103 1110 3164 Rad.
1134 3103 1244 3166 Strodc

435 3207 495 3288 Ep.
518 3207 559 3269 ad
581 3207 685 3288 Episc.
708 3207 848 3269 Lincoln.

436 3309 564 3386 Questio
586 3310 769 3392 quintuplex

438 3417 498 3474 148
520 3412 570 3473 De
591 3411 737 3474 iratribus
759 3422 790 3473 et
812 3416 852 3473 14
876 3414 945 3488 (llas
965 3413 1091 3473 sunder
1112 3414 1146 3472 in
1167 3413 1288 3473 ancum
1307 3414 1400 3488 bend)
1621 3408 1629 3533 l

437 3519 498 3576 156
520 3514 570 3576 De
591 3535 653 3575 non
674 3513 869 3576 comburend.
893 3514 961 3575 libr.
984 3513 1034 3575 W.
1058 3516 1104 3590 (in
1125 3515 1246 3575 anotba
1266 3517 1358 3592 band)
1628 3581 1629 3588 χ

438 3622 499 3680 167
523 3617 573 3678 De
594 3627 711 3700 septem
733 3618 804 3678 don.
826 3620 898 3700 spir.
921 3637 946 3679 s.
1626 3593 1629 3768 ¹

438 3723 498 3783 162
521 3719 571 3783 De
592 3721 706 3802 triplici
727 3721 807 3782 vinc.
831 3741 924 3782 amor.
1626 3779 1628 3786 ,

436 3829 497 3887 169
520 3822 659 3886 Verbum
690 3824 890 3886 communiter
923 3822 1087 3884 dicendum
1118 3820 1209 3894 clero,
1241 3823 1370 3884 dominis
1401 3833 1433 3884 et
1463 3819 1544 3902 regui

522 3929 616 3989 nostri
638 3927 752 4009 populo

438 4033 497 4090 171
522 4028 572 4091 De
594 4049 664 4092 nov.
687 4050 771 4110 prev.
795 4023 897 4089 mand.

436 4136 496 4194 181
520 4130 570 4192 De
592 4130 725 4211 dyabolo
746 4142 778 4194 et
798 4128 926 4192 membr.
949 4130 1013 4190 eius

438 4239 498 4296 184
521 4233 570 4296 De
592 4235 677 4314 relig.
700 4235 778 4320 priv.

438 4343 495 4398 191
521 4337 570 4398 De
591 4338 678 4418 grad.
702 4336 776 4398 cleri
797 4336 924 4398 ecclesie
