3248 5138
348 561 408 618 346
771 557 963 606 rotmanus
986 557 1125 612 WICLIF,
1406 551 1474 619 {capa
1494 554 1536 602 ΙΙΙ

347 729 433 790 nobis
455 729 606 808 passibilis
628 744 658 792 ct
681 731 821 792 oracione
844 731 950 804 oravit,
974 741 1009 790 ut
1030 750 1091 790 nou
1112 729 1231 808 plueret
1253 747 1344 807 super
1365 739 1491 800 terram,
1511 744 1537 788 ct

347 853 407 891 non
429 832 507 911 pluit
521 853 615 893 annos
636 843 696 894 tres
718 842 749 895 et
766 854 883 895 menses
897 853 960 907 sex,
984 841 1015 894 et
1036 853 1154 910 rursum
1170 833 1278 904 orauit,
1295 839 1326 892 et
1340 831 1440 892 celum
1461 831 1537 891 dedit

197 948 282 998 !ss0s
296 949 334 987 σίν·
348 935 492 1014 pluviam,
516 945 547 996 et
568 946 649 997 terra
671 938 755 998 dedit
776 937 909 998 fructum
931 932 1047 1008 suum,s
1066 944 1097 996 et
1118 936 1194 996 Luc.
1209 941 1249 996 69
1265 943 1277 1005 ΙΙ
1293 936 1332 996 de
1347 933 1449 995 Crista
1473 933 1537 1011 legi·

346 1059 421 1112 mus,
454 1060 542 1119 quem
574 1041 707 1101 cristiani
738 1039 849 1118 singuli
875 1039 988 1100 debent
1009 1040 1106 1120 sequi,
1138 1039 1218 1120 quod
1249 1038 1325 1098 exiit
1354 1039 1386 1098 in
1408 1047 1536 1098 montem

346 1163 432 1204 orare
454 1155 485 1203 et
506 1153 572 1204 erat
587 1153 767 1222 pernoctans
783 1145 814 1204 iu
829 1143 969 1204 oracione
984 1143 1041 1204 dei.
1079 1143 1122 1203 Et
1142 1141 1237 1203 multe
1260 1150 1331 1202 sunt
1346 1142 1537 1202 auctoritates
1558 1149 1568 1192 ⁵

345 1246 516 1306 huiusmodi
539 1255 693 1308 moventes
715 1247 849 1306 homines
872 1246 912 1308 ad
934 1247 1091 1307 orandum.

432 1349 493 1410 Sed
525 1358 633 1410 caveat
653 1350 703 1410 hic
724 1349 822 1410 fidelis
853 1350 1008 1428 arguciam
1040 1345 1226 1428 gulosorum²
1259 1359 1291 1409 ct
1312 1349 1455 1410 intendat
1476 1369 1538 1427 pru·

346 1453 430 1513 denti
453 1453 534 1532 operi
557 1473 619 1514 nou
640 1453 785 1532 deceptus
800 1453 957 1532 perlatam
972 1453 1142 1530 arguciam:
1166 1453 1266 1513 oracio
1281 1451 1398 1512 vocalis
1412 1452 1536 1512 inultam

346 1557 469 1636 prodest
498 1557 576 1616 iusto
598 1565 629 1616 et
651 1555 776 1635 populo,
799 1577 854 1635 pro
877 1577 935 1636 quc
958 1563 1034 1629 crat,
1065 1555 1159 1633 igitur
1185 1555 1285 1615 oracio
1308 1554 1341 1614 in
1362 1555 1458 1633 duplo
1480 1555 1537 1614 diu·

346 1661 461 1720 turnior
492 1660 560 1739 plus
586 1659 718 1738 prodest.
764 1658 815 1720 Sic
837 1660 917 1720 enim
940 1669 1042 1738 posset
1063 1658 1173 1720 stultus
1195 1659 1347 1718 dimittere
1368 1677 1463 1736 opera
1484 1667 1570 1717 mett

345 1763 422 1823 liora
444 1771 475 1824 et
495 1763 652 1823 intendere
675 1763 808 1824 oracioni
834 1762 942 1835 vocali,
970 1783 1006 1822 ac
1029 1763 1054 1822 si
1077 1762 1272 1823 necessitaret
1293 1761 1385 1821 deum
1407 1761 1448 1821 ad
1471 1760 1538 1820 dan·

346 1867 418 1925 dum
449 1866 562 1926 homini
592 1865 634 1938 id,
667 1866 747 1945 quod
778 1865 862 1944 petit.
908 1863 970 1925 Sed
1001 1864 1092 1942 pauci
1122 1875 1192 1926 sunt
1213 1864 1290 1924 tales
1317 1872 1462 1936 oratores,
1493 1861 1538 1942 qui

346 1969 534 2029 evidenciam
565 1969 654 2029 istam
681 1968 838 2046 applicant
864 1969 904 2028 ad
934 1968 1078 2028 ieiunium
1110 1967 1278 2029 salvamris.
1324 1965 1442 2028 Cristus
1464 1966 1536 2026 enim

346 2092 385 2132 ex
416 2071 476 2133 tide
501 2072 648 2133 ieiunavit
669 2072 872 2152 quadraginta
903 2070 1008 2132 diebus
1039 2081 1070 2132 et
1100 2073 1304 2152 quadraginta
1334 2069 1483 2142 noctibus,
1508 2077 1538 2128 ut

347 2184 432 2254 patet
460 2174 571 2235 Matth.
595 2169 633 2234 Μ’
655 2183 686 2235 et
706 2173 783 2235 Luc.
807 2169 854 2234 45:
885 2174 970 2234 Iesus
1001 2184 1102 2236 autem
1133 2173 1283 2254 agebatur
1312 2174 1344 2234 iu
1374 2173 1481 2253 spiritu
1509 2174 1571 2232 ints

347 2280 464 2339 deserto
487 2277 690 2358 quadraginta
712 2277 819 2339 diebus
838 2286 869 2338 et
889 2277 1098 2357 temptabatur
1112 2299 1131 2340 a
1145 2277 1277 2358 dyabolo
1292 2287 1323 2338 et
1344 2277 1438 2338 nichil
1460 2295 1537 2336 uran-

346 2382 470 2443 ducavit
491 2382 524 2441 in
545 2380 652 2442 diebus
673 2379 742 2442 illis.
776 2380 868 2441 Multi
890 2389 994 2442 autem
1020 2391 1152 2442 oratores
1175 2381 1288 2442 assidui
1310 2381 1463 2442 excedunt
1484 2381 1537 2440 uir·

346 2495 465 2545 tunsum
487 2485 621 2546 medium
651 2479 822 2544 ieiunandi⁸
854 2492 885 2544 et
906 2493 1030 2564 propter
1061 2485 1263 2546 dimissionem
1296 2484 1442 2546 oracionis
1469 2483 1536 2543 talis

342 2588 448 2648 ieiunii
467 2588 570 2648 multis
585 2587 765 2666 petulanciis
781 2607 812 2648 se
827 2587 996 2648 involvunt.
1028 2587 1071 2648 Et
1092 2595 1194 2648 tammr
1217 2589 1437 2666 cognoscimus,
1460 2585 1536 2666 quod

346 2691 449 2750 multis
470 2690 582 2751 talibus
604 2690 673 2770 plus
695 2691 851 2769 prodesset
872 2691 972 2751 oracio
998 2691 1100 2751 taliter
1122 2691 1294 2752 abstinendi
1316 2711 1405 2770 quam
1427 2689 1569 2752 usitatam

346 2794 442 2854 mocio
465 2793 622 2854 labiorum.

431 2895 505 2956 Ideo
528 2915 649 2956 necesse
671 2905 725 2968 est,
749 2895 868 2956 fidelem
893 2896 962 2956 duci
985 2917 1003 2956 a
1024 2897 1072 2956 dei
1087 2892 1213 2975 spiritu⁹
1229 2897 1366 2969 docente,
1386 2903 1493 2975 quante
1507 2903 1536 2952 ct

347 2998 477 3079 qualiter
507 2998 599 3060 debet
628 3000 660 3059 in
690 2999 803 3060 talibus
825 2999 966 3078 operibus
989 3000 1149 3074 alternare,
1173 3009 1208 3060 ut
1228 3009 1314 3079 patet
1336 3001 1374 3060 dc
1396 2997 1533 3076 stirnpnio,

346 3102 456 3162 ieiunio
479 3110 510 3162 et
531 3101 660 3175 cibariis,
684 3123 742 3182 que
765 3103 866 3163 omnia
888 3103 977 3163 homo
993 3101 1083 3163 debet
1098 3113 1207 3182 capere
1223 3103 1415 3164 conformiter
1428 3100 1534 3162 rosioni

347 3213 378 3265 et
400 3205 550 3265 dimittere
564 3205 652 3265 istum
672 3206 851 3284 prudentem
874 3207 1075 3283 epitacionem
1098 3227 1134 3267 ac
1157 3205 1284 3266 liberam
1301 3206 1419 3286 spiritus
1432 3203 1569 3274 sanctiss

347 3317 378 3367 et
408 3307 499 3367 stulte
531 3307 658 3386 obligari
690 3309 729 3368 ad
761 3329 835 3388 opus
867 3309 1040 3370 lusnrauitus
1071 3308 1233 3369 limitatum
1265 3319 1354 3368 nocet.
1384 3307 1478 3366 multis
1504 3305 1531 3364 in

347 3409 474 3470 ccclesia
497 3409 653 3470 militante.

865 3584 951 3643 (bll'.
975 3584 1030 3644 III.

198 3775 207 3825 p
222 3775 288 3823 asos
301 3777 338 3815 esc
437 3753 487 3812 Ex
509 3753 573 3813 istis
596 3751 758 3830 colligitur,
781 3752 861 3832 quod
885 3772 972 3813 nemo
995 3752 1087 3814 debet
1108 3755 1278 3815 oracionem
1299 3775 1383 3815 suam
1398 3751 1517 3814 rendere

348 3877 402 3935 pro
432 3855 683 3936 possessionibus,
715 3856 826 3935 prediis
859 3865 913 3916 aut
934 3854 1013 3915 bono
1036 3855 1095 3917 alio
1126 3857 1295 3936 temporali,
1327 3867 1358 3918 ct
1387 3853 1528 3936 peridem

557 4024 983 4093 ssp.IKinpsli’,l,·lll,lffl
1035 4029 1129 4078 vars
1182 4023 1313 4078 ”al—9
1368 4023 1480 4075 ‘al-i

417 4161 426 4192 ⁷
444 4167 469 4213 in
487 4182 549 4214 mor.
567 4167 589 4214 is
607 4166 678 4214 add.-
696 4164 810 4230 Argneia
827 4164 988 4230 gulossornm
999 4161 1038 4213 2¹
1112 4161 1123 4190 ⁸
1140 4163 1275 4214 ieuuiuadi
1287 4167 1340 4215 ead.
1406 4159 1454 4209 'is
1469 4177 1524 4208 aar.

349 4253 458 4300 isneida
477 4251 596 4300 Libertas
614 4249 767 4316 spiritnsE¹
839 4248 859 4278 ¹⁰
875 4252 902 4298 ia
919 4266 982 4299 mor.
1000 4251 1022 4298 is
1040 4252 1112 4300 add:
1131 4251 1248 4314 Obligari
1260 4251 1339 4301 stulte
1350 4249 1386 4300 E¹

418 4339 460 4386 CA
465 4339 493 4386 P.
505 4338 563 4388 ΙΙΙ.
584 4335 592 4362 ¹
599 4337 682 4385 Belou·
695 4339 734 4384 the
745 4337 791 4386 tol.
803 4337 826 4386 ir
837 4338 895 4386 add.
908 4338 966 4384 tritt
978 4335 1051 4385 mark
1063 4339 1095 4402 os
1101 4337 1162 4402 rofi:
1175 4336 1269 4388 Oracio
1281 4353 1333 4386 non
1344 4329 1522 4386 tentaretur?
