3262 5156
531 576 820 626 INTBODUOTION.

53 747 104 801 De
122 744 384 802 vntioinsolcne.
401 758 496 812 espp.
515 745 544 798 2.

127 834 202 884 Cum
220 832 364 883 secundum
381 839 484 882 sanctos
500 837 603 898 spectet
618 831 652 882 ad
669 833 703 883 ol.
721 836 791 901 finis.
811 834 922 885 ecclesie
939 839 979 884 est
995 835 1094 886 sedete.

53 935 105 990 De
124 933 420 990 condemnsoione
437 936 474 989 19
492 931 757 989 conclusionum

129 1023 203 1074 Cum
220 1021 363 1072 secrmdum
382 1022 528 1088 apostolum
545 1021 614 1071 Heb.
632 1021 666 1072 xi.
695 1024 766 1089 fisis.
786 1027 813 1070 ot
829 1021 872 1088 pie
890 1022 917 1071 in
935 1023 1090 1088 euangelica
1106 1030 1269 1090 paupertate.
1340 1019 1384 1093 if

129 1109 203 1158 Cum
221 1115 310 1157 autem
327 1107 434 1172 Spiritui
451 1107 547 1156 Sancto
565 1107 752 1173 appropriatur.
779 1109 848 1174 ficis.
867 1107 894 1156 in
911 1108 1007 1174 Anglii
1024 1109 1179 1174 geminare.

55 1208 227 1276 Epistola

130 1298 203 1347 Cum
221 1297 315 1363 prelati
333 1296 537 1346 contentionum.
561 1298 630 1364 sisic.
649 1312 709 1346 suos
726 1297 832 1346 acuoius
849 1296 983 1362 puniendi.

56 1396 168 1453 Liber
190 1397 308 1452 tertius
330 1398 373 1453 de
396 1409 548 1452 sermone
570 1394 703 1451 Domini
724 1395 762 1450 in
783 1400 897 1452 monte
922 1410 1024 1466 super
1044 1397 1136 1453 Mett.
1159 1365 1269 1464 ¹Quere

132 1483 272 1636 Comiplleio
286 1485 402 1620 Zrtctetu
420 1571 502 1636 primo
520 1570 702 1636 ewangelium.
732 1571 801 1638 fisis.
819 1577 990 1637 appetentes
1008 1587 1060 1622 non
1079 1587 1144 1623 esse.

61 1679 245 1735 Sermones
266 1679 309 1735 de
330 1681 481 1746 tempore
502 1691 563 1746 per
584 1677 751 1734 eir-culum
773 1679 853 1734 enni
875 1693 978 1748 super
998 1680 1191 1749 ewangelio.

133 1777 203 1826 Cum
221 1777 295 1826 Deus
312 1775 481 1842 vndiquaquo
499 1776 592 1842 plenus
608 1775 697 1826 abhor.

62 1885 218 1953 'liriginte
239 1887 308 1942 tres
330 1884 574 1941 conclusiones.

134 1983 236 2034 cristus
251 1984 325 2034 Deus
349 1989 437 2033 noster
461 1989 541 2048 ceput
565 1981 720 2032 universalis
737 1981 854 2032 ecclesie.
883 1982 952 2049 finis.
975 1982 1182 2048 compendiosius
1198 1983 1271 2034 dabit

187 2067 288 2118 paoem.

65 2159 114 2214 De
137 2159 350 2216 confessione
372 2159 445 2215 siue
467 2159 509 2214 de
531 2157 722 2214 Duksrlstis
743 2161 777 2216 et
797 2157 992 2226 penitentie.
1015 2173 1113 2228 cepp.
1134 2162 1164 2216 6.

136 2257 197 2306 Duo
214 2265 276 2308 sunt
292 2263 456 2307 sacramente
473 2256 605 2322 precipua.
633 2258 703 2323 fissit.
722 2257 887 2306 constancius
903 2255 1029 2307 confiteri.

69 2363 118 2420 De
140 2367 298 2421 orsoione
319 2369 354 2421 et
375 2364 519 2421 eoeleste
540 2365 755 2433 pur-gecione.
777 2378 875 2433 oepp.
899 2367 928 2421 ’1.

138 2463 262 2514 Dicturus
279 2463 312 2514 de
329 2463 454 2512 oratione.
483 2465 552 2531 finis.
569 2461 699 2528 quomodo
715 2468 777 2512 sunt
794 2463 828 2513 ab
845 2463 957 2513 ecclesis
974 2462 1137 2530 expellendo.

137 2549 243 2600 Dictum
260 2556 301 2600 est
317 2549 351 2600 de
369 2548 493 2616 gradibus
510 2548 628 2600 ecclesie.
656 2550 727 2616 fisis.

73 2654 120 2710 De
145 2657 324 2800 eorpppphio¹5L
325 2656 602 2714 convenientibus
633 2670 676 2712 ex
705 2655 902 2714 adustione
935 2656 1020 2713 oleri
1044 2658 1088 2714 od
1118 2659 1270 2716 ordinem
1302 2725 1315 2765 ι

141 2837 243 2890 Dictum
260 2848 301 2891 est
316 2841 344 2890 in
360 2841 490 2891 solutione
507 2840 643 2906 cujusdam
660 2841 815 2907 argumenti.
844 2843 914 2908 licie.

78 2943 216 3007 Quartus
237 2949 326 3005 liber
347 2927 390 3004 (le
412 2962 566 3005 sermone
587 2948 720 3004 Domini
741 2947 778 3004 in
799 2952 913 3004 monte
934 2961 1037 3017 super
1058 2950 1154 3006 Meti.
1179 2943 1243 3007 14!

141 3045 244 3096 Dictum
261 3051 302 3096 est
317 3046 436 3112 superine
453 3046 522 3112 quod
540 3047 635 3096 tercius
652 3051 784 3096 tractatus.
813 3047 882 3114 fisis.
900 3045 946 3096 sed
964 3085 970 3097 .
990 3085 996 3097 .
1015 3086 1022 3098 .
1041 3086 1047 3098 .
1066 3086 1072 3098 .
1093 3045 1115 3098 .¹

141 3132 198 3182 Duo
214 3139 277 3182 sunt
293 3147 391 3198 genera
407 3131 588 3182 hereticorum.
615 3133 686 3200 fiale.
705 3131 902 3182 obseruenciem
919 3133 1047 3184 iaciendo.

80 3235 369 3296 Recommendeoio
391 3239 639 3296 assumenoium
660 3239 793 3307 medus.

143 3337 266 3388 Dominus
283 3337 424 3400 vobiscum,
442 3337 513 3388 Ruth
531 3337 556 3388 ii.
578 3340 647 3406 fiais.
666 3353 724 3388 cum
743 3353 849 3404 corporo
867 3339 1059 3400 resumendum.

83 3441 125 3498 De
145 3447 285 3511 quedem
307 3446 481 3514 questione
501 3458 565 3514 pro
579 3445 746 3502 theseuris
762 3446 946 3504 retinendis
961 3447 997 3502 in
1012 3459 1123 3515 regno.
1159 3447 1269 3512 Quere

190 3531 226 3586 in
247 3533 282 3587 lr.
303 3525 432 3588 iorms³
451 3531 643 3600 juramenti.

144 3627 253 3680 Dubium
271 3637 311 3678 ost
328 3635 415 3680 virum
432 3644 542 3696 regnum
559 3629 662 3695 Anglie.
691 3631 759 3696 fisis.
778 3629 853 3695 regni
870 3629 987 3695 inpediat
1004 3629 1031 3679 in
1048 3630 1170 3682 futurum.

87 3729 127 3788 De
152 3737 367 3804 responsione
397 3737 573 3806 eruusdem
599 3736 757 3794 doctoris.
788 3751 885 3806 eepp.
912 3738 942 3794 8.
988 3738 1098 3802 Quere
1125 3739 1160 3794 in
1187 3740 1212 3807 j.
1235 3755 1268 3808 q.
1329 3789 1347 3830 b

191 3815 301 3902 sm*
322 3836 504 3880 sermones.
615 3849 618 3856 ,

145 3919 235 3971 Doctor
251 3921 358 3987 quidem
376 3921 494 3972 veritatis
509 3921 644 3972 catholice.
667 3923 736 3989 finit.
754 3927 800 3971 sut
816 3927 901 3971 cesset
917 3921 1030 3972 iinslitei
1046 3921 1165 3972 sltibore.

146 4089 153 4118 ¹
172 4093 201 4141 14
333 4129 339 4142 .

145 4085 220 4228 ’iiii
231 4092 355 4244 illegibsle
371 4180 508 4244 (perloprs
526 4177 652 4228 disserere
668 4178 829 4244 potestates).

145 4258 261 4336 'lor-ms]
280 4266 353 4314 Remi
370 4266 488 4330 somer».

147 4343 157 4374 ⁴
171 4343 255 4421 δρῦς]
273 4351 308 4400 So
325 4349 380 4401 MS.
398 4351 528 4414 Probably
545 4349 585 4399 ior
601 4348 627 4412 S,
645 4366 670 4416 p,
689 4349 706 4398 i.
723 4349 796 4398 elios.
