3188 5148
356 559 395 614 28
782 549 974 596 ronanam
999 549 1136 602 ll'lOLJF,
1430 547 1490 613 [ap
1507 548 1539 596 μ’

354 724 420 785 bitu
443 723 570 784 variari?
615 721 770 802 Numquid
793 721 950 799 potestatis
973 741 1075 780 eorum
1098 730 1144 780 est
1165 739 1276 800 ponere
1290 719 1537 798 supernaturalem

354 821 530 886 virtutem⁴⁸
562 823 692 884 minimis
712 824 746 883 in
767 823 830 882 istis
858 822 1013 883 habitibus
1035 823 1113 883 deut
1134 823 1269 901 fingtmt?
1305 823 1373 883 Nec
1397 823 1484 882 aliter
1502 823 1540 880 dc·

355 927 512 1006 sponsacio
536 921 619 986 vel⁴⁹
641 924 792 1003 obligacic
814 925 855 985 ad
873 926 945 985 istos
960 924 1082 985 habitus
1097 945 1115 984 a
1130 925 1224 1003 signis
1238 925 1451 1004 generacionis
1471 923 1540 984 adul-

354 1038 417 1090 tere
440 1037 612 1090 excusatur.

441 1131 533 1206 Quod
565 1139 667 1191 autem
698 1149 753 1190 sua
775 1131 905 1208 capucia
926 1139 996 1190 sunt
1018 1131 1061 1190 sic
1083 1129 1156 1202 lata,
1181 1138 1216 1190 ut
1237 1127 1430 1190 continent⁵⁰
1461 1128 1569 1188 multat

355 1235 516 1295 mendacia
537 1242 568 1293 et
588 1242 653 1293 tota
674 1232 865 1310 superfluitas
887 1232 1015 1292 vestium
1031 1233 1070 1292 sit
1083 1242 1239 1312 tamquam
1260 1228 1375 1311 pixia⁵¹
1399 1232 1541 1292 literana·

354 1337 518 1407 mendacii,
551 1343 597 1395 est
626 1334 753 1395 verbum
785 1334 969 1394 ludicrceum
1000 1345 1031 1395 et
1061 1334 1175 1412 populo
1205 1335 1356 1394 communi
1385 1355 1541 1395 oneremur.

354 1440 433 1500 sicut
454 1439 638 1498 ludicrosum
662 1447 715 1509 est,
739 1457 850 1515 ponere
873 1446 1080 1497 consecratam
1102 1437 1231 1497 hostiam
1254 1436 1387 1498 colorem
1411 1436 1462 1497 vel
1482 1437 1542 1510 tgu-

353 1563 419 1602 ram
441 1551 563 1620 propter
584 1540 672 1600 istam
694 1534 851 1600 ficticium*
872 1539 1085 1599 introductam.
1130 1538 1208 1599 Cum
1228 1534 1333 1618 ergo⁵⁹
1347 1539 1466 1600 Paulus
1485 1557 1542 1614 sepe

354 1643 530 1714 sentenciat,
555 1643 636 1721 quod
658 1641 829 1702 sacerdotes
844 1640 935 1702 Oristi
950 1661 1010 1700 non
1033 1641 1146 1702 debent
1167 1637 1266 1702 esse⁶³
1284 1641 1401 1720 populo
1429 1640 1571 1704 onerosio

354 1758 385 1807 et
399 1745 594 1806 manifestum
610 1744 657 1816 sit,
681 1744 761 1824 quod
777 1763 880 1802 omncs
895 1742 951 1803 hee
970 1753 1050 1804 secte
1070 1744 1179 1804 vivunt
1198 1744 1236 1804 de
1258 1743 1381 1822 populo,
1406 1753 1439 1804 et
1460 1763 1542 1802 sacer·

358 1848 443 1908 dotes
466 1846 581 1926 antiqui
597 1845 709 1906 debent
723 1846 862 1907 sullicere
876 1867 930 1926 pro
949 1846 1030 1906 omni
1045 1845 1194 1924 spirituali
1210 1846 1374 1906 ministerio
1393 1844 1541 1906 inecclesie

354 1949 513 2020 militante,
533 1948 725 2008 manifestum
741 1957 794 2020 est,
819 1948 899 2027 quod
915 1968 1018 2008 omnes
1033 1949 1089 2009 hee
1105 1957 1185 2009 secte
1201 1948 1239 2008 de
1254 1959 1339 2008 tanto
1355 1947 1541 2027 superfluum.

440 2049 604 2112 Calculant
625 2046 760 2110 autem⁵⁴
782 2051 987 2129 speculatores
1009 2051 1131 2112 discreti
1157 2050 1367 2128 supponendo,
1392 2050 1475 2132 quod
1494 2049 1541 2108 sint

354 2163 483 2234 quatuor
501 2153 586 2214 milia
607 2153 736 2214 fratrum
757 2153 789 2212 in
803 2149 962 2231 Anglia⁶⁶,
990 2163 1021 2213 et
1042 2153 1123 2233 quod
1145 2152 1273 2234 quilibet
1294 2173 1399 2213 eorum
1421 2152 1472 2213 vel
1492 2165 1569 2208 unua

352 2257 478 2318 iuvante
501 2256 649 2336 reliquum
673 2256 828 2315 annuatim
852 2250 1062 2334 expendunt⁵⁶
1085 2255 1123 2315 de
1145 2255 1264 2333 Anglia
1284 2265 1408 2316 centum
1430 2247 1541 2316 sende*
1581 2301 1582 2328 ,

354 2368 386 2418 et
406 2366 526 2419 tantum
548 2358 578 2417 in
595 2357 719 2418 edificiis
741 2357 792 2418 vel
807 2357 874 2417 aliis
893 2353 1095 2436 sumptibus⁶⁷
1120 2357 1374 2429 extraordinariis,
1399 2355 1480 2438 quod
1499 2354 1540 2412 ha·
1581 2341 1582 2394 l

352 2460 427 2520 bent
448 2461 486 2520 de
507 2479 600 2538 reguo
622 2459 737 2536 Anglie
758 2455 994 2538 quadraginte⁶⁸
1017 2458 1101 2519 milia
1122 2458 1268 2520 librarum
1290 2460 1479 2520 annuatim*
1581 2433 1582 2450 Χ

439 2561 502 2622 Sed
526 2561 592 2640 quis
614 2559 743 2632 dubitat,
767 2562 839 2641 quin
860 2562 916 2622 iste
939 2571 1020 2622 secte
1041 2582 1120 2622 nove
1146 2561 1207 2622 sint
1232 2581 1341 2640 gravem
1364 2571 1438 2624 tunc
1461 2577 1539 2637 reguo

353 2664 467 2743 Anglie
490 2674 520 2724 et
542 2662 713 2740 specialiter
735 2663 919 2742 pauperibus
941 2663 1032 2724 Cristi
1055 2665 1196 2725 onerose?
1545 2671 1567 2717 if·

441 2765 483 2826 Et
504 2775 650 2846 quantum
673 2765 861 2838 adfractus,
894 2787 968 2846 quos
990 2766 1119 2838 faciunt,
1152 2775 1249 2845 patet,
1283 2768 1363 2847 quod
1386 2767 1464 2828 tales
1484 2762 1539 2822 illa·

353 2879 432 2929 tores
463 2869 581 2928 noviter
610 2867 773 2928 introducti
806 2868 989 2929 defraudant
1020 2889 1039 2928 a
1068 2869 1196 2930 veritate
1226 2870 1426 2948 euangelica,
1460 2885 1537 2948 quam

353 2970 469 3032 Cristus
490 2969 629 3042 instituit,
653 2970 747 3030 etsie
774 2971 946 3032 sacerdotes
968 2980 999 3031 et
1020 2981 1140 3032 curatos
1162 2971 1280 3032 faciunt
1306 2972 1344 3032 de
1370 2993 1425 3032 suo
1452 2967 1538 3032 officio

353 3073 455 3133 ociori.
508 3071 551 3132 Et
580 3072 661 3132 istud
693 3073 859 3151 dampnum
895 3093 964 3132 cum
1004 3072 1071 3133 aliis
1110 3083 1156 3134 est
1186 3074 1284 3134 maius
1323 3095 1415 3154 quam
1454 3086 1536 3134 totum

353 3175 519 3252 dampnum
543 3173 722 3252 predictum,
746 3195 805 3255 quo
828 3175 959 3253 spoliant
980 3195 1107 3254 regnum
1130 3185 1274 3236 nostrum.
1543 3179 1566 3226 ²5

351 3287 458 3294 ..ιι--

566 3321 577 3354 ¹¹
595 3329 612 3376 i.
625 3344 644 3376 e.
664 3329 703 3375 tlte
720 3327 979 3376 tramaedsiaatiation
990 3329 1055 3376 since
1064 3329 1215 3376 Paschasius
1226 3328 1368 3378 Μαίη
1436 3323 1444 3356 ³
1462 3333 1490 3377 10
1500 3322 1537 3372 sol·

526 3432 550 3454 =
567 3409 621 3471 125
643 3409 692 3460 αθ
709 3412 837 3476 ‘formerly
854 3414 880 3460 ia
891 3413 1039 3460 circulaticn
1057 3408 1123 3478 s'e'l,
1141 3415 1174 3477 os
1187 3431 1203 3462 a
1211 3415 1308 3477 poesd'
1325 3413 1373 3476 (=
1390 3417 1420 3465 13
1429 3415 1464 3462 sd.
1474 3411 1538 3468 ld).

521 3515 559 3561 cp.
571 3497 641 3552 Beer,
654 3497 719 3562 Cycl.
729 3499 832 3558 (Amor.
844 3498 912 3559 Ed.)
925 3498 1034 3545 XXIII
1035 3520 1043 3554 ,·
1061 3515 1098 3561 φ.
1111 3497 1165 3546 also
1177 3498 1251 3547 hebreo
1259 3515 1287 3562 p.
1300 3503 1349 3550 103
1359 3505 1433 3549 sot..
1474 3501 1491 3522 ¹¹
1505 3511 1536 3556 vp-

520 3599 551 3631 oo
571 3584 612 3630 tte
626 3584 724 3646 preced.
739 3599 847 3646 paroye
861 3582 1008 3639 Midili),
1026 3583 1065 3630 De
1084 3583 1153 3646 aspl.
1174 3584 1243 3633 Viae.
1261 3587 1317 3632 Am.
1335 3601 1391 3649 cap.
1412 3585 1457 3634 IX

353 3677 426 3684 ——--
433 3677 468 3683 ...-
475 3677 511 3683 --
518 3677 695 3684 -.-ψ-...-

418 3715 508 3783 “sup
521 3719 723 3793 virtCDFGuy
758 3718 992 3783 supernaturaleli'
1053 3715 1075 3746 ⁴⁹
1087 3719 1131 3768 vel
1144 3721 1276 3795 CEFGuq
1309 3719 1403 3770 niven
1428 3715 1536 3770 stasim

350 3806 375 3854 in
384 3804 412 3852 D
420 3803 467 3853 col.
479 3799 637 3866 193⁶te91'm,
646 3804 720 3852 above
731 3806 765 3854 it:
779 3804 895 3870 Oapucia
903 3801 942 3854 D'
1019 3801 1042 3832 ω
1051 3805 1186 3856 continent
1196 3807 1267 3854 CEF
1296 3806 1449 3856 contineant
1457 3805 1536 3872 Dour

349 3890 408 3939 iao
424 3889 517 3938 e'eadd.
530 3891 643 3938 lumea.-
661 3889 749 3950 Quare
767 3887 886 3939 monaehi
908 3888 1023 3940 habeant
1044 3891 1154 3955 capucia
1177 3890 1243 3940 latas
1262 3906 1310 3940 seu
1332 3905 1412 3956 capas
1434 3891 1497 3940 latas
1509 3885 1535 3933 (¹²

349 3971 371 4001 ⁶¹
389 3975 457 4039 pixis
467 3975 603 4050 cnscay
638 3975 749 4024 vestium
767 3976 820 4035 (cr.
830 3973 905 4036 cetd‘
918 3976 958 4024 ad.
960 3977 977 4036 )
993 3975 1097 4040 pixisE
1163 3972 1258 4041 ”ergo
1268 3977 1379 4050 CDGuq
1414 3969 1539 4042 igiturt'f

351 4055 737 4134 “esseCDEFGq,u¹iemcr.
765 4077 839 4111 crau
894 4056 916 4087 ⁵⁴
929 4066 1017 4109 autem
1028 4062 1166 4135 CDEGaq
1192 4061 1297 4111 enimF
1344 4057 1448 4127 “quod
1460 4062 1534 4118 sinte·

349 4160 381 4194 m.
392 4144 409 4194 f.
422 4144 438 4195 i.
448 4145 479 4194 A.
494 4146 634 4196 onasus
666 4145 735 4210 quod
744 4163 764 4194 s.
774 4146 791 4194 f.
804 4145 819 4194 i.
828 4145 859 4195 A.
870 4164 894 4210 q.
905 4162 962 4219 my
998 4147 1285 4196 inOieadddnmcm
1303 4147 1535 4207 Quotcuntframs

350 4229 376 4277 in
388 4227 529 4295 ungriae*
592 4227 831 4296 ⁶⁶expenduntCE
865 4229 1112 4306 expenditDFGup
1192 4227 1534 4296 machumet-sumptibus

350 4315 488 4391 CDEGay
521 4315 616 4366 solidos
625 4316 667 4365 vel
677 4316 735 4364 aliis
743 4323 837 4381 sumpt.
848 4317 877 4377 F,
895 4318 922 4365 ia
930 4333 992 4365 mar.
1010 4318 1126 4382 exceptis
1177 4313 1256 4368 ⁶⁸40·
1265 4317 1398 4392 conseq
1425 4319 1493 4366 40¹0
