3182 5142
332 577 394 634 300
752 573 775 620 J
776 571 944 621 OHANNIS
966 572 1106 628 WICLIF',
1404 571 1458 640 imp,
1473 575 1500 622 ΙΙ

415 745 532 804 Iterum
553 744 656 804 nullus
677 754 823 823 patronus
845 744 896 806 vel
922 745 1101 824 capitaneus
1125 745 1250 823 prodest
1271 745 1304 806 in
1326 746 1441 807 ecclesie
1459 747 1498 806 do

331 847 405 908 mini
426 846 497 907 Iesu
513 845 613 920 Cristi,
636 847 693 908 nisi
717 846 755 908 de
777 856 891 928 quanto
909 847 1047 909 docuerit
1068 849 1183 910 directe
1205 850 1348 928 consequi
1369 849 1442 910 huno
1460 871 1500 928 pa·

331 961 465 1022 tronum;
488 950 542 1010 sed
565 969 669 1010 omnes
691 949 843 1028 capitanei
866 949 915 1010 vel
937 951 1058 1029 patroni
1084 951 1210 1011 istarum
1236 963 1387 1012 sectarum
1407 952 1451 1012 vel
1468 973 1500 1012 re

330 1053 478 1130 gulariter
499 1053 548 1114 vel
570 1053 603 1112 in
625 1053 732 1113 maiori
747 1063 834 1132 parte
848 1053 1020 1132 impediunt
1034 1053 1114 1114 hanc
1129 1054 1295 1134 sequelam.
1323 1054 1405 1134 Ergo
1418 1075 1501 1114 omues

329 1155 375 1215 illi
398 1156 559 1235 capitanei.
581 1156 693 1216 nedum
724 1157 825 1236 quoad
855 1156 947 1216 istum
973 1156 1064 1216 finem
1087 1156 1289 1235 superfluunt,
1323 1159 1376 1218 sed
1397 1158 1530 1220 ecolesiet

330 1269 401 1319 eunt
422 1259 532 1320 nocivi.
577 1257 777 1337 Assumptum
809 1279 847 1318 ex
878 1258 936 1320 hoe
968 1258 1083 1332 arridet,
1116 1259 1197 1339 quod
1227 1259 1306 1320 nulli
1333 1261 1503 1322 cristianiin

329 1361 443 1422 viando
473 1361 649 1440 proficiunt,
680 1361 748 1428 nisi,
770 1361 809 1422 de
839 1370 953 1441 quanto
984 1363 1080 1424 secuti
1106 1362 1221 1422 fuerint
1247 1362 1403 1424 dominum
1423 1363 1504 1424 Iesum

332 1463 475 1524 Cristum.
519 1462 594 1524 ldeo
621 1463 695 1524 tolle
716 1463 887 1542 profectum
914 1465 1003 1525 huius
1025 1463 1160 1544 sequela,
1189 1475 1221 1525 et
1242 1466 1365 1544 ponitur
1386 1467 1504 1528 nocivum

332 1567 454 1628 devium
478 1575 509 1627 et
531 1565 723 1645 superfluitas
745 1566 858 1627 ordinis
880 1567 923 1628 sic
946 1568 1067 1628 servati.

853 1827 939 1887 OAP.
963 1828 1002 1887 ΙΙ.

417 1995 496 2058 Cum
527 2016 599 2074 ergo
631 1996 680 2056 isti
703 1997 850 2075 capitales
875 1997 1001 2058 istorum
1028 1996 1168 2057 ordinum
1190 1996 1355 2058 observant
1376 1997 1534 2076 principa-w

331 2098 401 2160 liter
423 2099 510 2178 signa
532 2098 695 2172 sensibilia,
728 2120 787 2179 que
815 2099 954 2160 dominus
976 2100 1184 2179 parvipendit,
1212 2100 1347 2173 videtur,
1381 2099 1456 2180 quod
1473 2119 1507 2157 se

331 2202 452 2282 quondo
478 2203 560 2280 ipsos
591 2211 622 2262 et
652 2203 822 2262 doctrinam
849 2222 954 2263 eorum
975 2201 1128 2262 receditur
1150 2223 1169 2262 a
1190 2201 1298 2280 regula
1320 2202 1432 2263 domini
1451 2201 1506 2261 Iesu

331 2304 432 2365 Cristi.
477 2305 520 2365 Et
541 2305 598 2365 hoo
621 2304 764 2365 movebat
778 2304 952 2384 Baptistam
965 2305 1055 2365 ‘nolle
1070 2315 1252 2385 perpetuare
1270 2326 1358 2367 suurn
1380 2305 1506 2368 ordinem.

330 2407 384 2468 scd
406 2408 522 2469 ruditer
544 2408 703 2486 disponere
726 2407 766 2468 ad
788 2407 1012 2487 suscipiendum
1036 2407 1171 2468 ordinem
1196 2409 1309 2469 domini
1331 2407 1402 2470 Iesu
1423 2406 1506 2468 Crisu'.

330 2510 404 2571 Ideo
427 2511 509 2571 misit
531 2510 695 2590 discipulos
718 2529 786 2570 suos
809 2510 849 2570 ad
872 2509 1015 2583 Oristum,
1039 2518 1074 2571 ut
1094 2511 1194 2572 vivaci
1216 2531 1292 2572 voce
1314 2509 1407 2572 Cristi
1427 2509 1536 2586 magnit

331 2613 503 2692 proficiant,
535 2633 626 2693 quam
658 2613 719 2674 suis
748 2611 850 2673 verbis
881 2613 967 2693 quasi
997 2613 1123 2674 mortuis
1154 2613 1346 2693 profuerunt,
1379 2623 1413 2674 ut
1440 2623 1507 2692 patet

329 2715 440 2776 Matth.
466 2721 534 2776 11⁶.

416 2817 495 2878 Cum
518 2839 590 2896 ergo
612 2827 719 2892 totum,
743 2818 823 2898 quod
845 2816 998 2879 Iohannes
1019 2819 1101 2890 fecit,
1126 2819 1227 2879 sonuit
1247 2818 1288 2879 ad
1311 2817 1507 2880 extollentiam

331 2921 445 2982 domini
467 2922 537 2984 lesu
561 2921 666 2994 Gristi,
698 2921 833 2993 videtur,
866 2921 948 3001 quod
977 2921 1085 2982 horum
1116 2929 1313 3000 patronorum
1336 2921 1442 3000 regula
1460 2937 1507 2978 non

329 3024 409 3084 foret
430 3025 527 3098 utilis,
559 3025 615 3085 nisi
645 3024 683 3086 do
706 3033 819 3105 quanto
841 3032 929 3084 sonat
951 3023 1152 3085 effectualiter
1177 3025 1210 3084 in
1236 3023 1448 3086 extollentiam
1467 3021 1537 3080 doro

330 3125 403 3185 mini
425 3125 495 3187 Iesu
519 3125 619 3188 Cristi.

416 3228 478 3290 Sed
505 3231 571 3310 quis
593 3230 728 3304 dubitat,
761 3231 833 3312 quin
864 3229 1049 3290 extolleneia
1071 3227 1163 3290 Cristi
1193 3238 1224 3290 et
1254 3229 1362 3307 regule
1389 3249 1439 3290 sue
1466 3245 1509 3304 per

329 3331 388 3392 hoe
410 3333 602 3394 dissolvitur?
633 3332 708 3394 Ideo
730 3334 855 3394 istorum
879 3332 1019 3393 ordinum
1035 3332 1175 3393 induocio
1199 3332 1344 3405 ostendit,
1369 3331 1444 3412 quod
1464 3347 1521 3387 sua·

330 3437 467 3497 servacio
489 3443 535 3496 est
556 3435 723 3514 prophana,
747 3457 803 3498 nec
826 3435 899 3496 licet
920 3433 1003 3495 fideli
1018 3434 1189 3495 discredere
1210 3435 1243 3493 iu
1265 3445 1427 3514 assumpto,
1449 3431 1508 3512 quin

330 3538 454 3618 sequela
476 3537 568 3599 Cristi
592 3539 631 3599 sit
652 3559 707 3618 per
729 3559 761 3600 se
783 3539 936 3618 adequata
967 3557 1072 3610 causa,
1106 3557 1199 3618 quare
1229 3536 1320 3598 homo
1347 3537 1451 3616 aliquis
1473 3537 1537 3592 curt

330 3640 446 3702 beatus.
480 3642 561 3702 Ymo
584 3642 622 3703 de
644 3651 759 3722 quanto
781 3642 822 3701 ad
837 3641 923 3701 illam
939 3649 1135 3719 promovetur
1152 3639 1202 3699 vel
1226 3638 1265 3699 ab
1287 3638 1344 3700 illa
1365 3639 1507 3700 receditur.

330 3744 369 3804 de
392 3753 478 3806 tanto
501 3753 547 3805 est
568 3745 633 3805 vita
660 3763 715 3804 sua
736 3744 891 3804 meritoria
916 3742 967 3803 vel
989 3742 1151 3822 culpanda.
1196 3742 1295 3802 Nemo
1322 3743 1400 3802 enim
1427 3749 1508 3820 potest

330 3846 551 3908 beatitudinem
574 3848 725 3928 consequi,
746 3847 804 3907 nisi
819 3847 857 3907 de
880 3855 993 3925 quanto
1013 3854 1134 3906 secutus
1148 3845 1241 3905 fuerit
1255 3845 1408 3905 dominum
1424 3841 1507 3902 lesum

331 3948 478 4023 Cristum,
507 3971 564 4011 neo
586 3959 688 4029 potest
714 3949 825 4030 aliquis
847 3949 931 4029 sequi
952 3949 1062 4026 ipsum,
1085 3948 1142 4009 nisi
1162 3947 1294 4026 attingat
1308 3946 1508 4008 beatitudinem

331 4051 380 4133 vel
402 4071 421 4111 a
443 4052 642 4131 disposicione
658 4053 764 4114 habita
778 4051 962 4124 retrocedat;
986 4073 1056 4130 ymo
1074 4049 1169 4112 nichil
1184 4050 1313 4122 fidelius,
1337 4071 1423 4130 quam
1439 4043 1535 4127 qundo

330 4155 432 4233 capita
452 4155 578 4216 istorum
601 4157 788 4235 privatorum
815 4155 954 4216 ordinum
982 4153 1127 4214 detento
1150 4152 1324 4232 proficiunt,
1352 4153 1388 4213 de
1410 4159 1506 4230 quanto

545 4343 620 4391 OAP.
639 4343 680 4391 ΙῙ.
715 4345 727 4369 ⁰
743 4345 790 4392 a?
