3188 5148
322 501 419 544 LXXII
782 481 827 530 IN
828 482 872 530 Tu
878 482 926 531 OD
932 481 1071 532 UOTION.

323 651 373 706 De
391 649 626 706 contrarietate
643 650 787 706 duonrm
805 650 1018 707 dominorum
1035 663 1173 708 suarum
1189 651 1340 720 parcium
1361 666 1402 709 ac
1425 651 1515 708 eman
1578 663 1593 713 'il

446 748 567 791 rerum

395 823 469 875 Siout
486 829 525 873 est
542 839 610 874 unus
626 839 705 874 uerus
723 830 751 875 et
767 841 890 876 summus.
918 828 987 895 fiais.
1004 827 1182 893 triumphante
1193 827 1306 878 ecclesia
1317 826 1464 893 exemplnte
1475 827 1517 886 (ll.
1592 882 1593 901 χ

328 942 378 998 De
396 941 616 998 citecicnibus
634 941 767 999 friuolis
783 946 816 999 et
834 941 908 998 allis
925 943 1087 1000 uersucils
1105 944 1299 1001 antichristi.

397 1031 424 1080 Si
441 1046 511 1097 papa
528 1030 571 1080 uel
591 1031 647 1080 eius
664 1031 786 1082 uicarius.
816 1033 885 1099 finio.
903 1031 952 1081 sibi
969 1033 1067 1083 sentiat
1083 1032 1211 1084 libertate.

327 1147 377 1203 Do
393 1147 459 1203 ilde
477 1147 642 1204 catholice
659 1148 804 1217 capitolo
820 1149 905 1204 octo.

397 1237 541 1304 Suppositia
568 1237 641 1287 dictis
668 1237 701 1287 de
727 1236 779 1287 lide
805 1236 941 1288 catholica.
970 1238 1038 1306 finis.
1056 1237 1145 1288 christi
1162 1245 1189 1288 ct
1206 1237 1304 1288 diaboli
1321 1239 1443 1289 stabilire.

498 1340 592 1403 (ealon
610 1341 710 1403 cccci.)

397 1443 521 1510 Superest
541 1443 700 1510 investigare
723 1442 757 1492 de
778 1443 825 1494 dis.
854 1442 923 1511 fiais.
941 1458 988 1509 per
1005 1459 1168 1495 communem
1190 1444 1248 1495 aliis
1266 1442 1519 1494 communieacicnem
1584 1499 1593 1522 q

449 1529 564 1580 eesenoie
582 1530 635 1591 (l).
1590 1525 1593 1532 “

499 1631 597 1692 (Colca
614 1632 717 1694 ccccl.)

327 1750 378 1806 De
395 1747 595 1805 eucharistia
612 1761 754 1816 magnus
771 1750 931 1805 tractatus
948 1763 1090 1818 parvum
1107 1761 1212 1816 quere
1229 1749 1266 1805 in
1284 1764 1309 1806 s.

396 1836 573 1888 Tractandum
590 1838 636 1900 (i)
653 1838 685 1888 de
704 1837 867 1888 eucharistie.
896 1836 964 1906 finis.
982 1838 1010 1886 in
1027 1836 1121 1887 christo
1138 1837 1195 1888 iesu
1212 1837 1327 1890 finaliter
1344 1839 1486 1888 obseruare.

327 1937 377 1994 De
394 1936 499 2005 ydeis.

395 2023 543 2077 Tractando
561 2024 594 2076 tle
610 2026 693 2090 ydeis.
722 2028 790 2094 fini.
809 2026 888 2076 habet
904 2025 1000 2091 ydecm
1018 2027 1149 2093 propriam
1166 2027 1194 2077 in
1212 2026 1269 2077 deo.

329 2143 378 2199 De
396 2141 642 2211 composicione
659 2142 803 2198 dominis
821 2153 878 2199 ce0
896 2145 924 2198 8.

398 2232 460 2283 Tria
476 2238 585 2283 mouent
601 2247 643 2282 me
661 2231 694 2282 ad
712 2232 883 2282 tractandum.
912 2233 980 2299 finis.
999 2232 1060 2282 alibi
1077 2232 1140 2282 sctis
1157 2247 1228 2298 sepe.

330 2359 380 2414 De
401 2357 531 2426 triplici
551 2357 692 2412 uinculo
713 2356 846 2413 amoris.

399 2455 461 2506 Tria
478 2463 539 2506 sunt
556 2455 662 2505 uincula
680 2454 782 2504 amoris.
811 2455 881 2522 finis.
901 2454 1020 2520 regulam
1038 2453 1104 2521 legis
1122 2453 1172 2505 dei.

330 2580 380 2637 De
403 2594 464 2637 sex
484 2579 581 2648 iugls.

400 2678 438 2730 Ut
454 2677 582 2744 simplices
601 2676 748 2728 sacerdotes
766 2676 830 2726 zelo.
859 2675 928 2745 finis.
946 2675 1091 2726 huiusmodi
1109 2677 1247 2727 nouitatcs.

334 2802 490 2872 Epistula
510 2803 612 2859 missa
633 2801 793 2871 episcopo
816 2800 1059 2858 cantuariensi.

402 2901 566 2951 Venerabilis
584 2901 610 2949 in
629 2899 729 2950 Christo
747 2905 823 2965 pater
840 2905 867 2949 et
884 2899 943 2949 dne.
972 2901 1041 2967 finis.
1059 2899 1200 2966 legislator.

402 3193 513 3244 Videtur
530 3192 690 3242 meritorium
708 3191 790 3240 bonos
807 3189 938 3256 colligere.
967 3192 1037 3259 finis,
1058 3190 1147 3240 taliter
1164 3189 1303 3256 operando.

335 3318 491 3387 Epistrrle
511 3317 615 3374 misse
636 3317 680 3372 od
701 3313 871 3382 simplices
895 3317 1094 3372 secerdotes.

403 3416 514 3468 Videtur
531 3421 619 3466 nutem
637 3413 733 3464 sanctis
751 3412 906 3463 doctoribus.
934 3414 1003 3480 finis.
1022 3413 1200 3479 multipliciter
1215 3413 1292 3462 istum
1311 3412 1441 3463 muudum.

335 3526 385 3581 De
407 3522 568 3593 gradibus
591 3521 674 3578 cleri
696 3523 730 3576 et
751 3520 892 3576 ecclesie
913 3520 1098 3578 militantis.

402 3621 497 3674 Utrum
515 3620 599 3671 clema
616 3619 706 3669 ‹lobuit
723 3617 894 3668 dotacionem.
922 3620 991 3687 fiais.
1009 3618 1140 3668 adiutores
1156 3617 1321 3684 postulanda.

336 3729 577 3798 supplementa
604 3725 739 3794 trinlcgi
760 3725 796 3781 in
818 3727 861 3782 de
882 3725 1058 3783 dotecicne
1081 3725 1222 3782 ecclesie
1244 3729 1278 3782 et
1299 3726 1342 3781 de
1365 3729 1450 3782 stare
1468 3722 1518 3778 im·

456 3814 602 3870 mediate
623 3816 700 3883 post
721 3817 777 3879 (r).

405 3914 442 3964 Ut
458 3927 537 3978 supra
555 3911 624 3962 dicta
641 3913 731 3978 magis.
761 3913 830 3979 finis.
850 3910 884 3961 de
901 3909 1015 3959 dominio
1032 3909 1184 3960 clericorum
1201 3908 1317 3974 capitula
1333 3909 1367 3959 X.

334 4022 530 4079 Notandum
552 4034 683 4077 summa
703 4018 824 4075 Wiclii
841 4012 875 4074 in
896 4017 1064 4086 theologia
1085 4015 1235 4073 continet
1257 4007 1354 4071 moun
1371 4017 1470 4072 libros
1488 4011 1517 4066 in

457 4119 494 4164 se
508 4105 638 4175 primus
653 4109 703 4162 est
717 4106 805 4162 liber
818 4104 1004 4160 mandator.
1018 4115 1273 4172 preeupponens
1287 4104 1356 4160 tres
1371 4103 1471 4159 libros
1483 4097 1517 4153 de

457 4192 607 4250 dominio
628 4192 763 4248 domino
787 4196 832 4257 (l)
854 4203 998 4258 quorum
1019 4190 1180 4258 prologus
1202 4187 1251 4245 sic
1272 4187 1401 4257 incipit.

407 4290 471 4340 Cum
490 4290 600 4356 quilibet
617 4289 778 4340 christianus.
