3248 5138
79 563 135 609 cap.
152 546 216 594 ΧΠ
220 541 227 585 1
366 541 649 591 PUBGAI’ORIUM
666 541 988 591 sacramentalem.
1213 549 1274 606 315

79 718 225 789 Decretis,
237 721 278 778 95
295 715 364 776 dist.
382 713 506 793 ‘Olym'‚
523 715 626 787 dictu,
648 713 730 794 quod
744 713 825 774 idem
842 725 888 774 est
903 715 1063 793 episcopus
1078 724 1109 776 et
1123 717 1273 778 sacerdos.

78 820 115 880 ln
136 820 221 882 euius
243 819 364 896 signum
386 817 461 879 fides
487 818 635 896 scripture
656 816 751 876 habet
771 817 852 895 ipsos
876 816 1058 895 generaliter
1079 839 1134 896 pro
1157 819 1273 893 eodem,

78 943 132 983 nec
154 923 246 983 aliam
270 921 534 982 consecracionem
560 921 698 980 meminit
728 920 803 980 fides
831 919 990 997 euangelii
1017 920 1056 979 de
1077 921 1142 982 istis
1164 922 1274 1000 gradu-

80 1025 142 1085 bus.
185 1025 229 1084 Et
249 1024 393 1102 fingendo
416 1024 679 1084 consecracionem
702 1042 814 1083 novam
836 1030 960 1101 propter
982 1022 1173 1085 dotacionem
1195 1025 1275 1086 foret

55 1143 188 1188 anorum
210 1128 386 1200 ludicrium,
410 1147 446 1187 ac
469 1127 583 1205 siquis
606 1125 850 1186 coniuracionem
877 1133 1025 1185 statueret
1046 1126 1095 1186 vel
1118 1148 1273 1189 consecra·

80 1232 192 1291 cionem
215 1250 368 1290 armorum
391 1229 538 1308 episcopi,
564 1249 599 1289 ac
622 1229 647 1288 si
673 1228 751 1288 foret
773 1226 909 1288 notabile
932 1240 1166 1290 sacramentum.
1211 1230 1274 1292 Sed

80 1335 141 1413 quis
163 1333 301 1394 crederet
322 1334 387 1393 istis
410 1332 618 1393 deliramentis
645 1351 664 1390 1
687 1329 819 1408 dyabolo
846 1331 924 1390 fictis
956 1351 995 1391 ex
1022 1332 1088 1404 hoo,
1113 1333 1194 1412 quod
1215 1333 1273 1393 illi·

80 1437 133 1496 cite
155 1435 280 1514 placent
302 1435 493 1496 infidelibus?

156 1555 232 1615 Ideo
261 1555 390 1627 videtur,
415 1554 548 1614 Cristum
580 1552 794 1630 compendiose
817 1554 981 1631 procedere
1009 1555 1110 1615 dando
1137 1556 1271 1634 graciam

43 1669 106 1716 icet
128 1658 293 1718 efficaciam
317 1657 472 1736 operandi.
517 1656 584 1717 Nec
606 1656 734 1715 vertitur
755 1655 838 1715 fideli
859 1657 890 1715 in
914 1656 1049 1730 dubium,
1079 1659 1152 1738 quin
1175 1667 1272 1718 status

79 1760 256 1836 apostolicus
279 1761 317 1821 sit
340 1760 514 1839 perfeccior,
539 1779 630 1838 quam
653 1753 847 1836 episcopum¹
870 1779 1026 1820 cesareum
1049 1770 1118 1838 post
1140 1761 1272 1821 dotacio-

78 1882 151 1934 nem,
174 1873 442 1942 quantumcunque
464 1861 557 1921 fnen‘t
579 1869 819 1938 augmentatum.

156 1981 198 2042 Et
220 2003 258 2042 ex
285 1982 343 2041 isto
371 1982 505 2053 videtur,
538 1980 619 2062 qnod
650 1981 729 2040 sicut
760 1980 918 2057 religiosus
951 1982 1104 2058 egreditur
1134 1983 1269 2044 ordinem

78 2104 159 2144 suum
181 2086 344 2164 privatum,
368 2083 557 2163 acceptando
581 2094 726 2162 tanquam
751 2083 919 2161 perfeccius
942 2085 1114 2163 episcopale
1137 2085 1270 2146 officium

46 2201 70 2246 11
80 2186 123 2246 rel
144 2207 248 2247 curam
270 2186 376 2259 aliam,
400 2187 474 2246 dum
497 2187 536 2246 sit
558 2185 699 2264 pinguis,
728 2186 771 2245 sic
795 2185 922 2264 quilibet
943 2186 1054 2246 habilis
1078 2187 1169 2248 debet
1191 2209 1270 2248 com-

79 2289 145 2365 pelli
167 2289 269 2366 egredi
284 2289 340 2350 has
355 2285 468 2368 sepesl,
492 2289 524 2350 in
546 2288 655 2368 quibus
672 2287 839 2348 includitur
861 2299 892 2349 et
914 2309 1035 2350 servare
1057 2289 1184 2350 liberam
1207 2311 1269 2351 aec·

79 2403 134 2450 tam
156 2390 256 2451 Cristi.
301 2392 397 2453 Recio
420 2393 543 2472 quidem
567 2401 613 2451 eat
635 2391 805 2469 patenci0r;
830 2401 860 2452 et
882 2401 954 2452 tuno
974 2413 1043 2452 oum
1066 2393 1127 2453 suis
1150 2392 1269 2453 diviciis

80 2493 192 2554 defendi
214 2503 339 2572 possent
360 2504 462 2573 partes
483 2494 610 2554 finitime
632 2494 717 2570 regni
744 2495 848 2566 nostri,
880 2503 911 2554 et
937 2495 1086 2556 instanter
1113 2495 1268 2573 predicato

79 2598 235 2676 ewangelio
265 2597 345 2658 infra
376 2618 503 2675 regnum
535 2605 566 2656 et
596 2597 752 2656 evacuatis
785 2597 964 2658 adulterinis
991 2598 1110 2676 legibus
1141 2619 1268 2676 regnum

48 2699 175 2760 attrivere
210 2709 314 2779 posset
349 2721 454 2760 secure
491 2699 687 2760 conformiter
718 2697 778 2776 legi
808 2698 908 2759 Cristi.
969 2700 1029 2760 Sed
1064 2700 1269 2778 dampnabilis

79 2803 209 2862 vecordia
232 2811 263 2863 et
286 2802 382 2862 stulta
405 2802 525 2863 omissio
548 2802 729 2862 secularium
753 2811 798 2861 est
826 2822 934 2882 causa,
967 2823 1060 2883 quare
1082 2803 1140 2864 hoc
1163 2823 1268 2883 pecca·

80 2913 134 2964 tun
164 2914 309 2984 preparat
339 2906 380 2966 ad
410 2906 529 2965 ruinam
561 2904 646 2981 regni
678 2912 709 2963 et
740 2904 779 2963 ad
811 2904 893 2964 111111
924 2905 985 2964 1111
1013 2907 1175 2986 sequenoia
1201 2917 1270 2984 poet

80 3003 150 3068 hanc
172 3009 277 3070 vitam.

154 3127 295 3206 Regnum
318 3136 421 3187 autem
444 3126 582 3186 crederet
604 3126 822 3198 sacerdotibus,
845 3129 897 3207 qui
919 3129 1048 3206 exlege
1071 3129 1185 3188 domini
1208 3128 1268 3188 ela·

51 3239 160 3289 11111111
188 3230 314 3291 cottidie
343 3231 434 3290 istum
466 3249 601 3301 sensum,
633 3238 664 3288 et
693 3249 795 3300 nemo,
828 3231 924 3289 maior
950 3232 998 3291 vel
1026 3232 1136 3302 minor,
1169 3239 1269 3310 potest

82 3327 177 3406 ipsum,
200 3353 270 3393 cum
293 3334 331 3393 sit
354 3332 531 3403 catholicus,
555 3332 744 3409 impugnare.

154 3450 195 3511 Et
221 3462 369 3532 quantum
398 3453 438 3512 111
465 3451 606 3529 argucias
638 3451 736 3510 factas
767 3452 799 3511 in
830 3452 1011 3528 oppositum,
1045 3452 1181 3530 relinquo
1212 3452 1266 3525 illi,

83 3553 126 3628 qui
145 3555 384 3616 coniuracionem
406 3554 531 3633 dyaboli
554 3561 696 3632 acceptat
717 3561 873 3632 tamquam
897 3555 1159 3614 consecracionem
1182 3575 1267 3614 sanc-

83 3653 227 3730 tissimam,
261 3678 332 3718 cum
354 3676 373 3716 a
394 3657 579 3716 fundacione
610 3656 735 3716 istorum
768 3665 903 3716 statuum
932 3656 1029 3716 defuit
1059 3658 1189 3718 racionis
1217 3657 1267 3718 vel

51 3755 143 3816 colidei
162 3759 401 3822 fundamentum.

279 4000 355 4047 CAP.
373 3998 443 4046 XII.
491 4001 558 4059 “c-p.
582 3997 654 4059 Corp.
679 3998 726 4046 ior.
751 4015 815 4054 can„
842 4000 879 4045 ed.
897 3999 1156 4062 Richter-Fricdbeqc,
1175 4017 1202 4063 p.
1215 4004 1265 4050 339

233 4081 244 4110 ²²
262 4087 279 4133 i.
298 4101 318 4131 e.
338 4086 377 4132 rte
396 4084 471 4140 Secta,
490 4099 527 4145 cp.
547 4083 621 4130 abore
633 4100 661 4146 p.
680 4086 730 4133 atr
750 4083 766 4132 1.
790 4087 818 4134 1³
838 4085 990 4132 andrelec

142 4304 210 4354 CAP.
229 4307 297 4356 XII.
334 4302 343 4333 ¹
363 4307 434 4355 MS..·
453 4306 583 4370 episcopm
