<?xml version="1.0" encoding="UTF-8"?>
<!DOCTYPE html PUBLIC "-//W3C//DTD XHTML 1.0 Transitional//EN"
    "http://www.w3.org/TR/xhtml1/DTD/xhtml1-transitional.dtd">
<html xmlns="http://www.w3.org/1999/xhtml" xml:lang="en" lang="en">
 <head>
  <title>
</title>
<meta http-equiv="Content-Type" content="text/html;charset=utf-8" />
  <meta name='ocr-system' content='tesseract 3.04.00' />
  <meta name='ocr-capabilities' content='ocr_page ocr_carea ocr_par ocr_line ocrx_word'/>
</head>
<body>
  <div class='ocr_page' id='page_1' title='image "./johnwiclifspole01wyclgoog_0474.png"; bbox 0 0 3248 5138; ppageno 0'>
   <div class='ocr_carea' id='block_1_1' title="bbox 84 583 1286 652">
    <p class='ocr_par' dir='ltr' id='par_1_1' title="bbox 84 583 1286 652">
     <span class='ocr_line' id='line_1_1' title="bbox 84 583 1286 652; baseline 0.002 -18"><span class='ocrx_word' id='word_1_1' title='bbox 84 603 140 650; x_wconf 82' lang='lat' dir='ltr'>cap.</span> <span class='ocrx_word' id='word_1_2' title='bbox 167 583 202 652; x_wconf 76' lang='lat' dir='ltr'>V]</span> <span class='ocrx_word' id='word_1_3' title='bbox 277 585 333 634; x_wconf 80' lang='lat' dir='ltr'>DE</span> <span class='ocrx_word' id='word_1_4' title='bbox 351 587 542 635; x_wconf 62' lang='lat' dir='ltr'>casalone</span> <span class='ocrx_word' id='word_1_5' title='bbox 557 585 609 635; x_wconf 79' lang='lat' dir='ltr'>ET</span> <span class='ocrx_word' id='word_1_6' title='bbox 623 586 831 636; x_wconf 64' lang='lat' dir='ltr'>accursus</span> <span class='ocrx_word' id='word_1_7' title='bbox 846 586 1099 635; x_wconf 78' lang='lat' dir='ltr'><strong><em>PURGATIONE.</em></strong></span> <span class='ocrx_word' id='word_1_8' title='bbox 1225 592 1286 650; x_wconf 85' lang='lat'>353</span> 
     </span>
    </p>
   </div>
   <div class='ocr_carea' id='block_1_2' title="bbox 64 757 1447 1454">
    <p class='ocr_par' dir='ltr' id='par_1_2' title="bbox 84 757 1288 820">
     <span class='ocr_line' id='line_1_2' title="bbox 84 757 1288 820; baseline 0 -2"><span class='ocrx_word' id='word_1_9' title='bbox 84 758 217 818; x_wconf 75' lang='lat' dir='ltr'>ecclesie</span> <span class='ocrx_word' id='word_1_10' title='bbox 233 758 483 820; x_wconf 89' lang='lat' dir='ltr'>conservandam.</span> <span class='ocrx_word' id='word_1_11' title='bbox 517 758 604 819; x_wconf 83' lang='lat' dir='ltr'>Sicut</span> <span class='ocrx_word' id='word_1_12' title='bbox 621 759 701 820; x_wconf 90' lang='lat' dir='ltr'>enim</span> <span class='ocrx_word' id='word_1_13' title='bbox 716 759 799 818; x_wconf 89' lang='lat' dir='ltr'>sidus</span> <span class='ocrx_word' id='word_1_14' title='bbox 814 759 990 819; x_wconf 90' lang='lat' dir='ltr'>animalium</span> <span class='ocrx_word' id='word_1_15' title='bbox 1006 760 1182 819; x_wconf 90' lang='lat' dir='ltr'>nocivorum</span> <span class='ocrx_word' id='word_1_16' title='bbox 1197 757 1288 819; x_wconf 89' lang='lat' dir='ltr'>debet</span> 
     </span>
    </p>

    <p class='ocr_par' dir='ltr' id='par_1_3' title="bbox 84 860 1288 1042">
     <span class='ocr_line' id='line_1_3' title="bbox 85 860 1288 941; baseline 0.001 -21"><span class='ocrx_word' id='word_1_17' title='bbox 85 861 204 920; x_wconf 80' lang='lat' dir='ltr'>destrui</span> <span class='ocrx_word' id='word_1_18' title='bbox 234 860 265 920; x_wconf 95' lang='lat' dir='ltr'>in</span> <span class='ocrx_word' id='word_1_19' title='bbox 295 860 411 932; x_wconf 80' lang='lat' dir='ltr'>radice,</span> <span class='ocrx_word' id='word_1_20' title='bbox 444 869 478 922; x_wconf 89' lang='lat' dir='ltr'>ut</span> <span class='ocrx_word' id='word_1_21' title='bbox 508 870 594 941; x_wconf 88' lang='lat' dir='ltr'>patet</span> <span class='ocrx_word' id='word_1_22' title='bbox 621 861 658 922; x_wconf 92' lang='lat' dir='ltr'>de</span> <span class='ocrx_word' id='word_1_23' title='bbox 681 860 826 934; x_wconf 84' lang='lat' dir='ltr'>muribus,</span> <span class='ocrx_word' id='word_1_24' title='bbox 858 860 1047 939; x_wconf 81' lang='lat' dir='ltr'>serpentibus</span> <span class='ocrx_word' id='word_1_25' title='bbox 1069 871 1100 921; x_wconf 90' lang='lat' dir='ltr'>et</span> <span class='ocrx_word' id='word_1_26' title='bbox 1122 861 1198 932; x_wconf 91' lang='lat' dir='ltr'>aliis,</span> <span class='ocrx_word' id='word_1_27' title='bbox 1230 881 1288 940; x_wconf 92' lang='lat' dir='ltr'>que</span> 
     </span>
     <span class='ocr_line' id='line_1_4' title="bbox 84 961 1287 1042; baseline 0.001 -20"><span class='ocrx_word' id='word_1_28' title='bbox 84 962 235 1023; x_wconf 74' lang='lat' dir='ltr'>inferrent</span> <span class='ocrx_word' id='word_1_29' title='bbox 255 963 299 1023; x_wconf 86' lang='lat' dir='ltr'>rei</span> <span class='ocrx_word' id='word_1_30' title='bbox 322 961 444 1042; x_wconf 89' lang='lat' dir='ltr'>publice</span> <span class='ocrx_word' id='word_1_31' title='bbox 461 972 690 1036; x_wconf 77' lang='lat' dir='ltr'><strong>nocumentum,</strong></span> <span class='ocrx_word' id='word_1_32' title='bbox 714 965 757 1024; x_wconf 89' lang='lat' dir='ltr'>sic</span> <span class='ocrx_word' id='word_1_33' title='bbox 779 962 871 1024; x_wconf 91' lang='lat' dir='ltr'>debet</span> <span class='ocrx_word' id='word_1_34' title='bbox 893 983 956 1024; x_wconf 89' lang='lat' dir='ltr'>esse</span> <span class='ocrx_word' id='word_1_35' title='bbox 979 963 1017 1024; x_wconf 90' lang='lat' dir='ltr'>de</span> <span class='ocrx_word' id='word_1_36' title='bbox 1039 964 1103 1025; x_wconf 90' lang='lat' dir='ltr'>istis</span> <span class='ocrx_word' id='word_1_37' title='bbox 1126 964 1214 1024; x_wconf 91' lang='lat' dir='ltr'>sectis</span> <span class='ocrx_word' id='word_1_38' title='bbox 1236 984 1287 1023; x_wconf 91' lang='lat' dir='ltr'>no·</span> 
     </span>
    </p>

    <p class='ocr_par' dir='ltr' id='par_1_4' title="bbox 64 1063 1290 1249">
     <span class='ocr_line' id='line_1_5' title="bbox 86 1063 1289 1145; baseline 0 -20"><span class='ocrx_word' id='word_1_39' title='bbox 86 1065 172 1138; x_wconf 82' lang='lat' dir='ltr'>civis,</span> <span class='ocrx_word' id='word_1_40' title='bbox 198 1074 232 1126; x_wconf 90' lang='lat' dir='ltr'>ut</span> <span class='ocrx_word' id='word_1_41' title='bbox 253 1063 370 1127; x_wconf 84' lang='lat' dir='ltr'>Cristus</span> <span class='ocrx_word' id='word_1_42' title='bbox 393 1067 495 1128; x_wconf 90' lang='lat' dir='ltr'>docuit</span> <span class='ocrx_word' id='word_1_43' title='bbox 516 1067 548 1126; x_wconf 92' lang='lat' dir='ltr'>in</span> <span class='ocrx_word' id='word_1_44' title='bbox 563 1066 704 1144; x_wconf 88' lang='lat' dir='ltr'>exemplo</span> <span class='ocrx_word' id='word_1_45' title='bbox 727 1066 765 1127; x_wconf 93' lang='lat' dir='ltr'>de</span> <span class='ocrx_word' id='word_1_46' title='bbox 787 1067 933 1145; x_wconf 77' lang='lat' dir='ltr'>phariseis</span> <span class='ocrx_word' id='word_1_47' title='bbox 955 1075 986 1127; x_wconf 90' lang='lat' dir='ltr'>et</span> <span class='ocrx_word' id='word_1_48' title='bbox 1008 1067 1097 1126; x_wconf 88' lang='lat' dir='ltr'>sectis</span> <span class='ocrx_word' id='word_1_49' title='bbox 1120 1065 1195 1139; x_wconf 88' lang='lat' dir='ltr'>aliis,</span> <span class='ocrx_word' id='word_1_50' title='bbox 1219 1085 1289 1127; x_wconf 87' lang='lat' dir='ltr'>con·</span> 
     </span>
     <span class='ocr_line' id='line_1_6' title="bbox 64 1168 1290 1249; baseline 0.002 -23"><span class='ocrx_word' id='word_1_51' title='bbox 64 1170 190 1230; x_wconf 76' lang='lat' dir='ltr'>ttrariis</span> <span class='ocrx_word' id='word_1_52' title='bbox 212 1169 279 1248; x_wconf 83' lang='lat' dir='ltr'>lege</span> <span class='ocrx_word' id='word_1_53' title='bbox 302 1189 364 1229; x_wconf 88' lang='lat' dir='ltr'>sue.</span> <span class='ocrx_word' id='word_1_54' title='bbox 401 1168 488 1230; x_wconf 83' lang='lat' dir='ltr'>Sicut</span> <span class='ocrx_word' id='word_1_55' title='bbox 509 1170 588 1230; x_wconf 90' lang='lat' dir='ltr'>enim</span> <span class='ocrx_word' id='word_1_56' title='bbox 612 1177 797 1249; x_wconf 89' lang='lat' dir='ltr'>potestesse</span> <span class='ocrx_word' id='word_1_57' title='bbox 819 1189 902 1229; x_wconf 87' lang='lat' dir='ltr'>error</span> <span class='ocrx_word' id='word_1_58' title='bbox 924 1169 1100 1248; x_wconf 85' lang='lat' dir='ltr'>personalis,</span> <span class='ocrx_word' id='word_1_59' title='bbox 1124 1170 1167 1230; x_wconf 90' lang='lat' dir='ltr'>sic</span> <span class='ocrx_word' id='word_1_60' title='bbox 1189 1177 1290 1248; x_wconf 89' lang='lat' dir='ltr'>potest</span> 
     </span>
    </p>

    <p class='ocr_par' dir='ltr' id='par_1_5' title="bbox 86 1271 1289 1352">
     <span class='ocr_line' id='line_1_7' title="bbox 86 1271 1289 1352; baseline 0 -21"><span class='ocrx_word' id='word_1_61' title='bbox 86 1291 153 1332; x_wconf 88' lang='lat' dir='ltr'>esse</span> <span class='ocrx_word' id='word_1_62' title='bbox 186 1271 337 1350; x_wconf 82' lang='lat' dir='ltr'>generalis</span> <span class='ocrx_word' id='word_1_63' title='bbox 360 1281 390 1332; x_wconf 90' lang='lat' dir='ltr'>et</span> <span class='ocrx_word' id='word_1_64' title='bbox 412 1291 504 1344; x_wconf 88' lang='lat' dir='ltr'>error,</span> <span class='ocrx_word' id='word_1_65' title='bbox 527 1273 660 1352; x_wconf 90' lang='lat' dir='ltr'>inquam,</span> <span class='ocrx_word' id='word_1_66' title='bbox 684 1271 773 1332; x_wconf 90' lang='lat' dir='ltr'>huius</span> <span class='ocrx_word' id='word_1_67' title='bbox 795 1271 886 1332; x_wconf 91' lang='lat' dir='ltr'>debet</span> <span class='ocrx_word' id='word_1_68' title='bbox 909 1272 1030 1349; x_wconf 84' lang='lat' dir='ltr'>corrigi,</span> <span class='ocrx_word' id='word_1_69' title='bbox 1055 1281 1085 1331; x_wconf 91' lang='lat' dir='ltr'>et</span> <span class='ocrx_word' id='word_1_70' title='bbox 1107 1291 1142 1332; x_wconf 89' lang='lat' dir='ltr'>eo</span> <span class='ocrx_word' id='word_1_71' title='bbox 1163 1272 1289 1349; x_wconf 84' lang='lat' dir='ltr'>diligen-</span> 
     </span>
    </p>

    <p class='ocr_par' dir='ltr' id='par_1_6' title="bbox 87 1374 1447 1454">
     <span class='ocr_line' id='line_1_8' title="bbox 87 1374 1447 1454; baseline -0.003 -20"><span class='ocrx_word' id='word_1_72' title='bbox 87 1375 162 1447; x_wconf 90' lang='lat' dir='ltr'>cius,</span> <span class='ocrx_word' id='word_1_73' title='bbox 188 1395 247 1454; x_wconf 90' lang='lat' dir='ltr'>quo</span> <span class='ocrx_word' id='word_1_74' title='bbox 270 1374 339 1453; x_wconf 92' lang='lat' dir='ltr'>plus</span> <span class='ocrx_word' id='word_1_75' title='bbox 355 1382 366 1445; x_wconf 85' lang='grc' dir='ltr'>ΙΙ</span> <span class='ocrx_word' id='word_1_76' title='bbox 382 1375 577 1454; x_wconf 80' lang='lat' dir='ltr'>periculosus</span> <span class='ocrx_word' id='word_1_77' title='bbox 1309 1390 1318 1440; x_wconf 69' lang='lat' dir='ltr'>p</span> <span class='ocrx_word' id='word_1_78' title='bbox 1332 1392 1352 1431; x_wconf 83' lang='lat' dir='ltr'>s</span> <span class='ocrx_word' id='word_1_79' title='bbox 1359 1391 1401 1440; x_wconf 77' lang='lat' dir='ltr'>sot</span> <span class='ocrx_word' id='word_1_80' title='bbox 1411 1389 1447 1430; x_wconf 77' lang='lat' dir='ltr'>ru</span> 
     </span>
    </p>
   </div>
   <div class='ocr_carea' id='block_1_3' title="bbox 52 1493 1292 2497">
    <p class='ocr_par' dir='ltr' id='par_1_7' title="bbox 52 1493 1292 2497">
     <span class='ocr_line' id='line_1_9' title="bbox 174 1493 1289 1556; baseline 0 -3"><span class='ocrx_word' id='word_1_81' title='bbox 174 1493 219 1553; x_wconf 90' lang='lat' dir='ltr'>Et</span> <span class='ocrx_word' id='word_1_82' title='bbox 249 1494 289 1554; x_wconf 86' lang='lat' dir='ltr'>ad</span> <span class='ocrx_word' id='word_1_83' title='bbox 321 1493 553 1554; x_wconf 89' lang='lat' dir='ltr'>discernendum</span> <span class='ocrx_word' id='word_1_84' title='bbox 579 1514 694 1556; x_wconf 89' lang='lat' dir='ltr'>errores</span> <span class='ocrx_word' id='word_1_85' title='bbox 715 1495 824 1555; x_wconf 86' lang='lat' dir='ltr'>hamm</span> <span class='ocrx_word' id='word_1_86' title='bbox 847 1503 996 1554; x_wconf 88' lang='lat' dir='ltr'>sectarum</span> <span class='ocrx_word' id='word_1_87' title='bbox 1020 1502 1170 1554; x_wconf 81' lang='lat' dir='ltr'>scrutetur</span> <span class='ocrx_word' id='word_1_88' title='bbox 1191 1493 1289 1554; x_wconf 85' lang='lat' dir='ltr'>fidelis</span> 
     </span>
     <span class='ocr_line' id='line_1_10' title="bbox 86 1593 1291 1676; baseline 0.001 -20"><span class='ocrx_word' id='word_1_89' title='bbox 86 1596 209 1656; x_wconf 82' lang='lat' dir='ltr'>radices</span> <span class='ocrx_word' id='word_1_90' title='bbox 231 1593 361 1670; x_wconf 80' lang='lat' dir='ltr'>earum,⁸</span> <span class='ocrx_word' id='word_1_91' title='bbox 393 1617 432 1657; x_wconf 85' lang='lat' dir='ltr'>ex</span> <span class='ocrx_word' id='word_1_92' title='bbox 463 1596 572 1676; x_wconf 88' lang='lat' dir='ltr'>quibus</span> <span class='ocrx_word' id='word_1_93' title='bbox 593 1597 716 1658; x_wconf 89' lang='lat' dir='ltr'>fuerant</span> <span class='ocrx_word' id='word_1_94' title='bbox 736 1596 917 1668; x_wconf 80' lang='lat' dir='ltr'>introducto,</span> <span class='ocrx_word' id='word_1_95' title='bbox 941 1604 972 1656; x_wconf 91' lang='lat' dir='ltr'>et</span> <span class='ocrx_word' id='word_1_96' title='bbox 998 1595 1147 1676; x_wconf 89' lang='lat' dir='ltr'>quomodo</span> <span class='ocrx_word' id='word_1_97' title='bbox 1171 1596 1291 1657; x_wconf 88' lang='lat' dir='ltr'>veritati</span> 
     </span>
     <span class='ocr_line' id='line_1_11' title="bbox 53 1698 1292 1787; baseline 0.002 -31"><span class='ocrx_word' id='word_1_98' title='bbox 53 1699 226 1778; x_wconf 73' lang='lat' dir='ltr'>recorporis</span> <span class='ocrx_word' id='word_1_99' title='bbox 249 1700 375 1787; x_wconf 78' lang='lat' dir='ltr'>ecclesie</span> <span class='ocrx_word' id='word_1_100' title='bbox 396 1698 487 1760; x_wconf 85' lang='lat' dir='ltr'>Cristi</span> <span class='ocrx_word' id='word_1_101' title='bbox 510 1709 581 1760; x_wconf 87' lang='lat' dir='ltr'>sunt</span> <span class='ocrx_word' id='word_1_102' title='bbox 602 1719 741 1772; x_wconf 89' lang='lat' dir='ltr'>consone,</span> <span class='ocrx_word' id='word_1_103' title='bbox 765 1707 795 1760; x_wconf 92' lang='lat' dir='ltr'>et</span> <span class='ocrx_word' id='word_1_104' title='bbox 816 1699 950 1759; x_wconf 88' lang='lat' dir='ltr'>inveniet</span> <span class='ocrx_word' id='word_1_105' title='bbox 972 1719 1075 1759; x_wconf 89' lang='lat' dir='ltr'>omnes</span> <span class='ocrx_word' id='word_1_106' title='bbox 1099 1699 1171 1759; x_wconf 86' lang='lat' dir='ltr'>istas</span> <span class='ocrx_word' id='word_1_107' title='bbox 1193 1707 1292 1759; x_wconf 86' lang='lat' dir='ltr'>sectas</span> 
     </span>
     <span class='ocr_line' id='line_1_12' title="bbox 88 1801 1291 1881; baseline 0 -20"><span class='ocrx_word' id='word_1_108' title='bbox 88 1811 221 1881; x_wconf 87' lang='lat' dir='ltr'>quatuor</span> <span class='ocrx_word' id='word_1_109' title='bbox 242 1823 307 1864; x_wconf 90' lang='lat' dir='ltr'>esse</span> <span class='ocrx_word' id='word_1_110' title='bbox 333 1802 499 1881; x_wconf 83' lang='lat' dir='ltr'>superfluas</span> <span class='ocrx_word' id='word_1_111' title='bbox 522 1812 552 1863; x_wconf 91' lang='lat' dir='ltr'>et</span> <span class='ocrx_word' id='word_1_112' title='bbox 578 1803 701 1863; x_wconf 89' lang='lat' dir='ltr'>nocivas</span> <span class='ocrx_word' id='word_1_113' title='bbox 723 1813 754 1862; x_wconf 87' lang='lat' dir='ltr'>et</span> <span class='ocrx_word' id='word_1_114' title='bbox 779 1822 818 1862; x_wconf 85' lang='lat' dir='ltr'>ex</span> <span class='ocrx_word' id='word_1_115' title='bbox 848 1801 981 1862; x_wconf 85' lang='lat' dir='ltr'>falsitate</span> <span class='ocrx_word' id='word_1_116' title='bbox 1004 1802 1154 1862; x_wconf 87' lang='lat' dir='ltr'>mendacii</span> <span class='ocrx_word' id='word_1_117' title='bbox 1185 1803 1291 1880; x_wconf 85' lang='lat' dir='ltr'>germi-</span> 
     </span>
     <span class='ocr_line' id='line_1_13' title="bbox 88 1903 1292 1977; baseline 0.001 -15"><span class='ocrx_word' id='word_1_118' title='bbox 88 1913 207 1977; x_wconf 87' lang='lat' dir='ltr'>nantes,</span> <span class='ocrx_word' id='word_1_119' title='bbox 239 1912 274 1965; x_wconf 91' lang='lat' dir='ltr'>ut</span> <span class='ocrx_word' id='word_1_120' title='bbox 304 1905 413 1966; x_wconf 86' lang='lat' dir='ltr'>fratres</span> <span class='ocrx_word' id='word_1_121' title='bbox 444 1905 608 1966; x_wconf 90' lang='lat' dir='ltr'>ostendunt</span> <span class='ocrx_word' id='word_1_122' title='bbox 638 1903 675 1965; x_wconf 92' lang='lat' dir='ltr'>de</span> <span class='ocrx_word' id='word_1_123' title='bbox 705 1903 889 1965; x_wconf 81' lang='lat' dir='ltr'>fundacione</span> <span class='ocrx_word' id='word_1_124' title='bbox 919 1924 1040 1964; x_wconf 90' lang='lat' dir='ltr'>suornm</span> <span class='ocrx_word' id='word_1_125' title='bbox 1072 1904 1221 1977; x_wconf 90' lang='lat' dir='ltr'>ordinum,</span> <span class='ocrx_word' id='word_1_126' title='bbox 1254 1904 1292 1964; x_wconf 93' lang='lat' dir='ltr'>de</span> 
     </span>
     <span class='ocr_line' id='line_1_14' title="bbox 88 2005 1291 2087; baseline 0.002 -23"><span class='ocrx_word' id='word_1_127' title='bbox 88 2007 272 2068; x_wconf 76' lang='lat' dir='ltr'>necessitate</span> <span class='ocrx_word' id='word_1_128' title='bbox 294 2008 464 2068; x_wconf 81' lang='lat' dir='ltr'>sanctitatis</span> <span class='ocrx_word' id='word_1_129' title='bbox 486 2027 608 2068; x_wconf 91' lang='lat' dir='ltr'>suorum</span> <span class='ocrx_word' id='word_1_130' title='bbox 636 2027 761 2086; x_wconf 91' lang='lat' dir='ltr'>operum</span> <span class='ocrx_word' id='word_1_131' title='bbox 788 2015 819 2068; x_wconf 90' lang='lat' dir='ltr'>et</span> <span class='ocrx_word' id='word_1_132' title='bbox 845 2007 882 2066; x_wconf 93' lang='lat' dir='ltr'>de</span> <span class='ocrx_word' id='word_1_133' title='bbox 910 2005 1016 2067; x_wconf 91' lang='lat' dir='ltr'>mediis</span> <span class='ocrx_word' id='word_1_134' title='bbox 1038 2006 1209 2080; x_wconf 87' lang='lat' dir='ltr'>fallacibus,</span> <span class='ocrx_word' id='word_1_135' title='bbox 1233 2027 1291 2087; x_wconf 90' lang='lat' dir='ltr'>que</span> 
     </span>
     <span class='ocr_line' id='line_1_15' title="bbox 88 2109 1291 2188; baseline 0.002 -21"><span class='ocrx_word' id='word_1_136' title='bbox 88 2119 235 2170; x_wconf 81' lang='lat' dir='ltr'>exercent</span> <span class='ocrx_word' id='word_1_137' title='bbox 257 2111 297 2171; x_wconf 96' lang='lat' dir='ltr'>ad</span> <span class='ocrx_word' id='word_1_138' title='bbox 319 2129 469 2188; x_wconf 90' lang='lat' dir='ltr'>pauperes</span> <span class='ocrx_word' id='word_1_139' title='bbox 491 2130 530 2170; x_wconf 87' lang='lat' dir='ltr'>ex</span> <span class='ocrx_word' id='word_1_140' title='bbox 545 2109 963 2188; x_wconf 89' lang='lat' dir='ltr'>mendicacioneblasphema</span> <span class='ocrx_word' id='word_1_141' title='bbox 985 2118 1015 2169; x_wconf 91' lang='lat' dir='ltr'>et</span> <span class='ocrx_word' id='word_1_142' title='bbox 1037 2110 1203 2188; x_wconf 85' lang='lat' dir='ltr'>ypocritica</span> <span class='ocrx_word' id='word_1_143' title='bbox 1225 2129 1291 2188; x_wconf 89' lang='lat' dir='ltr'>spo-</span> 
     </span>
     <span class='ocr_line' id='line_1_16' title="bbox 52 2207 1292 2286; baseline 0.002 -17"><span class='ocrx_word' id='word_1_144' title='bbox 52 2209 256 2271; x_wconf 69' lang='lat' dir='ltr'>tsliandumf¹</span> <span class='ocrx_word' id='word_1_145' title='bbox 300 2207 427 2286; x_wconf 81' lang='lat' dir='ltr'>Sic(dt)⁹</span> <span class='ocrx_word' id='word_1_146' title='bbox 451 2213 530 2272; x_wconf 92' lang='lat' dir='ltr'>enim</span> <span class='ocrx_word' id='word_1_147' title='bbox 553 2213 689 2274; x_wconf 88' lang='lat' dir='ltr'>membra</span> <span class='ocrx_word' id='word_1_148' title='bbox 711 2213 837 2273; x_wconf 89' lang='lat' dir='ltr'>ecclesie</span> <span class='ocrx_word' id='word_1_149' title='bbox 859 2209 950 2271; x_wconf 84' lang='lat' dir='ltr'>Cristi</span> <span class='ocrx_word' id='word_1_150' title='bbox 972 2211 1141 2271; x_wconf 86' lang='lat' dir='ltr'>fundantur</span> <span class='ocrx_word' id='word_1_151' title='bbox 1163 2211 1195 2273; x_wconf 92' lang='lat' dir='ltr'>in</span> <span class='ocrx_word' id='word_1_152' title='bbox 1217 2212 1292 2272; x_wconf 91' lang='lat' dir='ltr'>veri·</span> 
     </span>
     <span class='ocr_line' id='line_1_17' title="bbox 88 2309 1291 2393; baseline 0.002 -21"><span class='ocrx_word' id='word_1_153' title='bbox 88 2309 195 2385; x_wconf 79' lang='lat' dir='ltr'>tate,¹⁰</span> <span class='ocrx_word' id='word_1_154' title='bbox 218 2334 276 2393; x_wconf 91' lang='lat' dir='ltr'>que</span> <span class='ocrx_word' id='word_1_155' title='bbox 300 2323 346 2374; x_wconf 91' lang='lat' dir='ltr'>est</span> <span class='ocrx_word' id='word_1_156' title='bbox 366 2315 506 2375; x_wconf 89' lang='lat' dir='ltr'>dominus</span> <span class='ocrx_word' id='word_1_157' title='bbox 521 2315 606 2377; x_wconf 88' lang='lat' dir='ltr'>Iesus</span> <span class='ocrx_word' id='word_1_158' title='bbox 623 2315 748 2386; x_wconf 81' lang='lat' dir='ltr'>Cristus,</span> <span class='ocrx_word' id='word_1_159' title='bbox 773 2315 815 2375; x_wconf 89' lang='lat' dir='ltr'>sic</span> <span class='ocrx_word' id='word_1_160' title='bbox 838 2313 975 2375; x_wconf 91' lang='lat' dir='ltr'>membra</span> <span class='ocrx_word' id='word_1_161' title='bbox 997 2315 1142 2392; x_wconf 84' lang='lat' dir='ltr'>sinagoge</span> <span class='ocrx_word' id='word_1_162' title='bbox 1164 2314 1291 2376; x_wconf 88' lang='lat' dir='ltr'>sathane</span> 
     </span>
     <span class='ocr_line' id='line_1_18' title="bbox 89 2413 783 2497; baseline 0.006 -24"><span class='ocrx_word' id='word_1_163' title='bbox 89 2415 260 2476; x_wconf 87' lang='lat' dir='ltr'>fundantur</span> <span class='ocrx_word' id='word_1_164' title='bbox 281 2417 313 2476; x_wconf 90' lang='lat' dir='ltr'>in</span> <span class='ocrx_word' id='word_1_165' title='bbox 335 2415 469 2479; x_wconf 83' lang='lat' dir='ltr'>falsitate</span> <span class='ocrx_word' id='word_1_166' title='bbox 491 2419 587 2497; x_wconf 87' lang='lat' dir='ltr'>patris</span> <span class='ocrx_word' id='word_1_167' title='bbox 609 2413 783 2478; x_wconf 76' lang='lat' dir='ltr'>mendacii.l&gt;</span> 
     </span>
    </p>
   </div>
   <div class='ocr_carea' id='block_1_4' title="bbox 53 2533 1292 3024">
    <p class='ocr_par' dir='ltr' id='par_1_8' title="bbox 178 2533 1292 2618">
     <span class='ocr_line' id='line_1_19' title="bbox 178 2533 1292 2618; baseline 0.001 -23"><span class='ocrx_word' id='word_1_168' title='bbox 178 2533 242 2595; x_wconf 81' lang='lat' dir='ltr'>Sed</span> <span class='ocrx_word' id='word_1_169' title='bbox 264 2545 335 2596; x_wconf 88' lang='lat' dir='ltr'>sunt</span> <span class='ocrx_word' id='word_1_170' title='bbox 366 2537 425 2598; x_wconf 93' lang='lat' dir='ltr'>due</span> <span class='ocrx_word' id='word_1_171' title='bbox 456 2539 513 2609; x_wconf 87' lang='lat' dir='ltr'>vie,</span> <span class='ocrx_word' id='word_1_172' title='bbox 540 2557 594 2616; x_wconf 92' lang='lat' dir='ltr'>per</span> <span class='ocrx_word' id='word_1_173' title='bbox 617 2559 692 2618; x_wconf 91' lang='lat' dir='ltr'>quas</span> <span class='ocrx_word' id='word_1_174' title='bbox 714 2536 819 2596; x_wconf 88' lang='lat' dir='ltr'>fideles</span> <span class='ocrx_word' id='word_1_175' title='bbox 845 2537 971 2598; x_wconf 88' lang='lat' dir='ltr'>ecclesie</span> <span class='ocrx_word' id='word_1_176' title='bbox 998 2536 1111 2597; x_wconf 88' lang='lat' dir='ltr'>debent</span> <span class='ocrx_word' id='word_1_177' title='bbox 1135 2537 1168 2596; x_wconf 90' lang='lat' dir='ltr'>in</span> <span class='ocrx_word' id='word_1_178' title='bbox 1190 2545 1292 2614; x_wconf 87' lang='lat' dir='ltr'>partes</span> 
     </span>
    </p>

    <p class='ocr_par' dir='ltr' id='par_1_9' title="bbox 53 2633 1292 3024">
     <span class='ocr_line' id='line_1_20' title="bbox 89 2633 1292 2718; baseline 0.003 -24"><span class='ocrx_word' id='word_1_179' title='bbox 89 2633 164 2697; x_wconf 88' lang='lat' dir='ltr'>istas</span> <span class='ocrx_word' id='word_1_180' title='bbox 196 2638 364 2716; x_wconf 88' lang='lat' dir='ltr'>superfluas</span> <span class='ocrx_word' id='word_1_181' title='bbox 394 2639 522 2718; x_wconf 88' lang='lat' dir='ltr'>operari,</span> <span class='ocrx_word' id='word_1_182' title='bbox 555 2639 652 2700; x_wconf 88' lang='lat' dir='ltr'>silicet</span> <span class='ocrx_word' id='word_1_183' title='bbox 683 2639 887 2701; x_wconf 90' lang='lat' dir='ltr'>convertendo</span> <span class='ocrx_word' id='word_1_184' title='bbox 917 2639 987 2700; x_wconf 88' lang='lat' dir='ltr'>illas</span> <span class='ocrx_word' id='word_1_185' title='bbox 1017 2639 1067 2699; x_wconf 86' lang='lat' dir='ltr'>vel</span> <span class='ocrx_word' id='word_1_186' title='bbox 1098 2637 1292 2700; x_wconf 87' lang='lat' dir='ltr'>assimilando</span> 
     </span>
     <span class='ocr_line' id='line_1_21' title="bbox 53 2739 1292 2821; baseline 0.001 -22"><span class='ocrx_word' id='word_1_187' title='bbox 53 2755 83 2800; x_wconf 74' lang='lat'>20</span> <span class='ocrx_word' id='word_1_188' title='bbox 93 2739 247 2818; x_wconf 84' lang='lat' dir='ltr'>partibus,</span> <span class='ocrx_word' id='word_1_189' title='bbox 271 2741 351 2801; x_wconf 88' lang='lat' dir='ltr'>veris</span> <span class='ocrx_word' id='word_1_190' title='bbox 374 2740 549 2821; x_wconf 88' lang='lat' dir='ltr'>corporibus</span> <span class='ocrx_word' id='word_1_191' title='bbox 580 2741 706 2802; x_wconf 88' lang='lat' dir='ltr'>ecclesie</span> <span class='ocrx_word' id='word_1_192' title='bbox 728 2739 834 2813; x_wconf 67' lang='lat' dir='ltr'>Cristi,</span> <span class='ocrx_word' id='word_1_193' title='bbox 862 2741 942 2820; x_wconf 91' lang='lat' dir='ltr'>quod</span> <span class='ocrx_word' id='word_1_194' title='bbox 968 2741 1046 2802; x_wconf 88' lang='lat' dir='ltr'>foret</span> <span class='ocrx_word' id='word_1_195' title='bbox 1067 2742 1183 2819; x_wconf 84' lang='lat' dir='ltr'>grande</span> <span class='ocrx_word' id='word_1_196' title='bbox 1204 2743 1292 2801; x_wconf 90' lang='lat' dir='ltr'>mira-</span> 
     </span>
     <span class='ocr_line' id='line_1_22' title="bbox 93 2840 1292 2923; baseline 0.001 -21"><span class='ocrx_word' id='word_1_197' title='bbox 93 2841 198 2902; x_wconf 90' lang='lat' dir='ltr'>culum</span> <span class='ocrx_word' id='word_1_198' title='bbox 220 2853 345 2923; x_wconf 90' lang='lat' dir='ltr'>propter</span> <span class='ocrx_word' id='word_1_199' title='bbox 366 2844 503 2904; x_wconf 89' lang='lat' dir='ltr'>innatum</span> <span class='ocrx_word' id='word_1_200' title='bbox 526 2840 701 2904; x_wconf 85' lang='lat' dir='ltr'>toxicum.¹¹</span> <span class='ocrx_word' id='word_1_201' title='bbox 744 2843 787 2904; x_wconf 88' lang='lat' dir='ltr'>Et</span> <span class='ocrx_word' id='word_1_202' title='bbox 822 2845 889 2904; x_wconf 92' lang='lat' dir='ltr'>ideo</span> <span class='ocrx_word' id='word_1_203' title='bbox 921 2864 997 2923; x_wconf 91' lang='lat' dir='ltr'>opus</span> <span class='ocrx_word' id='word_1_204' title='bbox 1027 2845 1109 2905; x_wconf 90' lang='lat' dir='ltr'>istud</span> <span class='ocrx_word' id='word_1_205' title='bbox 1135 2844 1214 2906; x_wconf 88' lang='lat' dir='ltr'>foret</span> <span class='ocrx_word' id='word_1_206' title='bbox 1236 2844 1292 2904; x_wconf 91' lang='lat' dir='ltr'>deo</span> 
     </span>
     <span class='ocr_line' id='line_1_23' title="bbox 93 2944 1291 3024; baseline 0.002 -20"><span class='ocrx_word' id='word_1_207' title='bbox 93 2944 259 3024; x_wconf 86' lang='lat' dir='ltr'>proprium,</span> <span class='ocrx_word' id='word_1_208' title='bbox 276 2947 354 3007; x_wconf 89' lang='lat' dir='ltr'>sicut</span> <span class='ocrx_word' id='word_1_209' title='bbox 368 2947 517 3007; x_wconf 87' lang='lat' dir='ltr'>convertit</span> <span class='ocrx_word' id='word_1_210' title='bbox 529 2946 659 3006; x_wconf 90' lang='lat' dir='ltr'>Paulum</span> <span class='ocrx_word' id='word_1_211' title='bbox 676 2955 792 3007; x_wconf 87' lang='lat' dir='ltr'>asecta</span> <span class='ocrx_word' id='word_1_212' title='bbox 806 2946 978 3024; x_wconf 85' lang='lat' dir='ltr'>pharisaica</span> <span class='ocrx_word' id='word_1_213' title='bbox 993 2947 1034 3008; x_wconf 89' lang='lat' dir='ltr'>ad</span> <span class='ocrx_word' id='word_1_214' title='bbox 1049 2948 1291 3008; x_wconf 89' lang='lat' dir='ltr'>cristianismum.</span> 
     </span>
    </p>
   </div>
   <div class='ocr_carea' id='block_1_5' title="bbox 54 3060 1293 3554">
    <p class='ocr_par' dir='ltr' id='par_1_10' title="bbox 54 3060 1293 3554">
     <span class='ocr_line' id='line_1_24' title="bbox 180 3060 1292 3146; baseline 0 -20"><span class='ocrx_word' id='word_1_215' title='bbox 180 3064 244 3126; x_wconf 89' lang='lat' dir='ltr'>Sed</span> <span class='ocrx_word' id='word_1_216' title='bbox 274 3067 395 3126; x_wconf 92' lang='lat' dir='ltr'>sanacio</span> <span class='ocrx_word' id='word_1_217' title='bbox 427 3066 561 3126; x_wconf 90' lang='lat' dir='ltr'>secunda</span> <span class='ocrx_word' id='word_1_218' title='bbox 583 3060 707 3138; x_wconf 75' lang='lat' dir='ltr'>rudis‚¹²</span> <span class='ocrx_word' id='word_1_219' title='bbox 738 3066 891 3146; x_wconf 90' lang='lat' dir='ltr'>adquam</span> <span class='ocrx_word' id='word_1_220' title='bbox 915 3087 1017 3128; x_wconf 91' lang='lat' dir='ltr'>omnes</span> <span class='ocrx_word' id='word_1_221' title='bbox 1040 3076 1100 3127; x_wconf 90' lang='lat' dir='ltr'>tres</span> <span class='ocrx_word' id='word_1_222' title='bbox 1122 3075 1223 3146; x_wconf 87' lang='lat' dir='ltr'>partes</span> <span class='ocrx_word' id='word_1_223' title='bbox 1246 3086 1292 3126; x_wconf 91' lang='lat' dir='ltr'>ec·</span> 
     </span>
     <span class='ocr_line' id='line_1_25' title="bbox 94 3167 1293 3247; baseline -0.001 -19"><span class='ocrx_word' id='word_1_224' title='bbox 94 3167 202 3228; x_wconf 76' lang='lat' dir='ltr'>clesiee</span> <span class='ocrx_word' id='word_1_225' title='bbox 224 3169 356 3246; x_wconf 88' lang='lat' dir='ltr'>poterint</span> <span class='ocrx_word' id='word_1_226' title='bbox 378 3169 505 3247; x_wconf 85' lang='lat' dir='ltr'>operari,</span> <span class='ocrx_word' id='word_1_227' title='bbox 529 3169 615 3240; x_wconf 88' lang='lat' dir='ltr'>foret,</span> <span class='ocrx_word' id='word_1_228' title='bbox 639 3167 695 3229; x_wconf 87' lang='lat' dir='ltr'>has</span> <span class='ocrx_word' id='word_1_229' title='bbox 717 3177 816 3228; x_wconf 88' lang='lat' dir='ltr'>sectas</span> <span class='ocrx_word' id='word_1_230' title='bbox 838 3169 967 3230; x_wconf 87' lang='lat' dir='ltr'>educere</span> <span class='ocrx_word' id='word_1_231' title='bbox 986 3169 1127 3245; x_wconf 79' lang='lat' dir='ltr'>negando</span> <span class='ocrx_word' id='word_1_232' title='bbox 1149 3170 1192 3230; x_wconf 92' lang='lat' dir='ltr'>eis</span> <span class='ocrx_word' id='word_1_233' title='bbox 1214 3188 1293 3229; x_wconf 92' lang='lat' dir='ltr'>com-</span> 
     </span>
     <span class='ocr_line' id='line_1_26' title="bbox 54 3269 1293 3350; baseline 0.002 -23"><span class='ocrx_word' id='word_1_234' title='bbox 54 3283 84 3328; x_wconf 73' lang='lat'>·25</span> <span class='ocrx_word' id='word_1_235' title='bbox 94 3271 335 3332; x_wconf 89' lang='lat' dir='ltr'>municacionem</span> <span class='ocrx_word' id='word_1_236' title='bbox 351 3280 382 3331; x_wconf 89' lang='lat' dir='ltr'>et</span> <span class='ocrx_word' id='word_1_237' title='bbox 395 3271 649 3331; x_wconf 87' lang='lat' dir='ltr'>sustentacionem</span> <span class='ocrx_word' id='word_1_238' title='bbox 665 3271 831 3332; x_wconf 90' lang='lat' dir='ltr'>secundum</span> <span class='ocrx_word' id='word_1_239' title='bbox 846 3272 968 3350; x_wconf 85' lang='lat' dir='ltr'>regulas</span> <span class='ocrx_word' id='word_1_240' title='bbox 983 3272 1058 3350; x_wconf 84' lang='lat' dir='ltr'>legis</span> <span class='ocrx_word' id='word_1_241' title='bbox 1076 3269 1177 3332; x_wconf 82' lang='lat' dir='ltr'>Cristi.</span> <span class='ocrx_word' id='word_1_242' title='bbox 1216 3271 1293 3332; x_wconf 88' lang='lat' dir='ltr'>Gra·</span> 
     </span>
     <span class='ocr_line' id='line_1_27' title="bbox 95 3372 1293 3434; baseline -0.002 -2"><span class='ocrx_word' id='word_1_243' title='bbox 95 3374 181 3433; x_wconf 78' lang='lat' dir='ltr'>racio</span> <span class='ocrx_word' id='word_1_244' title='bbox 208 3382 311 3434; x_wconf 92' lang='lat' dir='ltr'>autem</span> <span class='ocrx_word' id='word_1_245' title='bbox 338 3373 564 3433; x_wconf 90' lang='lat' dir='ltr'>mendaciorum</span> <span class='ocrx_word' id='word_1_246' title='bbox 589 3375 621 3432; x_wconf 93' lang='lat' dir='ltr'>in</span> <span class='ocrx_word' id='word_1_247' title='bbox 652 3375 715 3434; x_wconf 87' lang='lat' dir='ltr'>vita</span> <span class='ocrx_word' id='word_1_248' title='bbox 741 3383 772 3434; x_wconf 90' lang='lat' dir='ltr'>et</span> <span class='ocrx_word' id='word_1_249' title='bbox 793 3372 893 3434; x_wconf 92' lang='lat' dir='ltr'>verbis</span> <span class='ocrx_word' id='word_1_250' title='bbox 925 3375 1007 3434; x_wconf 86' lang='lat' dir='ltr'>acuit</span> <span class='ocrx_word' id='word_1_251' title='bbox 1033 3373 1073 3434; x_wconf 85' lang='lat' dir='ltr'>ud</span> <span class='ocrx_word' id='word_1_252' title='bbox 1104 3374 1293 3434; x_wconf 89' lang='lat' dir='ltr'>maturiacio-</span> 
     </span>
     <span class='ocr_line' id='line_1_28' title="bbox 95 3471 1293 3554; baseline 0 -20"><span class='ocrx_word' id='word_1_253' title='bbox 95 3495 164 3535; x_wconf 90' lang='lat' dir='ltr'>nem</span> <span class='ocrx_word' id='word_1_254' title='bbox 179 3476 287 3536; x_wconf 87' lang='lat' dir='ltr'>talium</span> <span class='ocrx_word' id='word_1_255' title='bbox 303 3471 566 3554; x_wconf 85' lang='lat' dir='ltr'>apostematum‚¹³</span> <span class='ocrx_word' id='word_1_256' title='bbox 588 3485 622 3536; x_wconf 89' lang='lat' dir='ltr'>ut</span> <span class='ocrx_word' id='word_1_257' title='bbox 636 3476 828 3554; x_wconf 91' lang='lat' dir='ltr'>postmodum</span> <span class='ocrx_word' id='word_1_258' title='bbox 844 3475 1022 3538; x_wconf 89' lang='lat' dir='ltr'>educantur.</span> <span class='ocrx_word' id='word_1_259' title='bbox 1053 3475 1176 3537; x_wconf 90' lang='lat' dir='ltr'>Veritas</span> <span class='ocrx_word' id='word_1_260' title='bbox 1192 3485 1293 3536; x_wconf 89' lang='lat' dir='ltr'>autem</span> 
     </span>
    </p>
   </div>
   <div class='ocr_carea' id='block_1_6' title="bbox 251 3697 1292 3933">
    <p class='ocr_par' dir='ltr' id='par_1_11' title="bbox 251 3697 1292 3933">
     <span class='ocr_line' id='line_1_29' title="bbox 251 3697 1290 3763; baseline 0.002 -19"><span class='ocrx_word' id='word_1_261' title='bbox 251 3705 257 3717; x_wconf 82' lang='lat'><strong>¹</strong></span> <span class='ocrx_word' id='word_1_262' title='bbox 309 3697 384 3744; x_wconf 75' lang='lat' dir='ltr'><em>CAP.</em></span> <span class='ocrx_word' id='word_1_263' title='bbox 409 3697 437 3744; x_wconf 79' lang='lat' dir='ltr'>V.</span> <span class='ocrx_word' id='word_1_264' title='bbox 471 3700 529 3744; x_wconf 76' lang='lat' dir='ltr'>“aa</span> <span class='ocrx_word' id='word_1_265' title='bbox 547 3701 571 3745; x_wconf 77' lang='lat' dir='ltr'>to</span> <span class='ocrx_word' id='word_1_266' title='bbox 590 3698 644 3753; x_wconf 73' lang='lat' dir='ltr'>this,</span> <span class='ocrx_word' id='word_1_267' title='bbox 662 3714 700 3761; x_wconf 86' lang='lat' dir='ltr'>cp.</span> <span class='ocrx_word' id='word_1_268' title='bbox 721 3697 818 3745; x_wconf 74' lang='lat' dir='ltr'>Trial.</span> <span class='ocrx_word' id='word_1_269' title='bbox 837 3699 937 3763; x_wconf 73' lang='lat' dir='ltr'>361ff,</span> <span class='ocrx_word' id='word_1_270' title='bbox 955 3701 1030 3759; x_wconf 66' lang='lat' dir='ltr'>dacin</span> <span class='ocrx_word' id='word_1_271' title='bbox 1048 3699 1121 3746; x_wconf 77' lang='lat' dir='ltr'>abone</span> <span class='ocrx_word' id='word_1_272' title='bbox 1135 3715 1162 3761; x_wconf 86' lang='lat' dir='ltr'>p.</span> <span class='ocrx_word' id='word_1_273' title='bbox 1181 3701 1225 3754; x_wconf 69' lang='lat' dir='ltr'>aa·</span> <span class='ocrx_word' id='word_1_274' title='bbox 1245 3703 1290 3752; x_wconf 77' lang='lat' dir='ltr'>u,-</span> 
     </span>
     <span class='ocr_line' id='line_1_30' title="bbox 266 3777 1291 3845; baseline -0.002 -13"><span class='ocrx_word' id='word_1_275' title='bbox 266 3785 477 3840; x_wconf 72' lang='lat'><em>189—1903253</em></span> <span class='ocrx_word' id='word_1_276' title='bbox 513 3777 579 3845; x_wconf 65' lang='lat' dir='ltr'>bcp.</span> <span class='ocrx_word' id='word_1_277' title='bbox 595 3783 751 3834; x_wconf 71' lang='lat' dir='ltr'>Triatrus</span> <span class='ocrx_word' id='word_1_278' title='bbox 804 3785 847 3831; x_wconf 61' lang='lat' dir='ltr'>‘ti</span> <span class='ocrx_word' id='word_1_279' title='bbox 859 3801 879 3832; x_wconf 90' lang='lat' dir='ltr'>e.</span> <span class='ocrx_word' id='word_1_280' title='bbox 897 3785 997 3833; x_wconf 79' lang='lat' dir='ltr'>ecclesie</span> <span class='ocrx_word' id='word_1_281' title='bbox 1013 3785 1157 3840; x_wconf 77' lang='lat' dir='ltr'>militantis,-</span> <span class='ocrx_word' id='word_1_282' title='bbox 1174 3784 1232 3831; x_wconf 71' lang='lat' dir='ltr'>scith</span> <span class='ocrx_word' id='word_1_283' title='bbox 1244 3783 1291 3845; x_wconf 74' lang='lat' dir='ltr'>res.</span> 
     </span>
     <span class='ocr_line' id='line_1_31' title="bbox 263 3867 1292 3933; baseline 0 -17"><span class='ocrx_word' id='word_1_284' title='bbox 263 3867 455 3929; x_wconf 68' lang='grc' dir='ltr'><em>ἰοίΙιὶε,ιῬ.1)ε</em></span> <span class='ocrx_word' id='word_1_285' title='bbox 465 3868 588 3916; x_wconf 76' lang='lat' dir='ltr'>Christo</span> <span class='ocrx_word' id='word_1_286' title='bbox 601 3872 629 3916; x_wconf 81' lang='lat' dir='ltr'>et</span> <span class='ocrx_word' id='word_1_287' title='bbox 645 3869 770 3917; x_wconf 78' lang='lat' dir='ltr'>adaeus</span> <span class='ocrx_word' id='word_1_288' title='bbox 780 3871 985 3926; x_wconf 77' lang='lat' dir='ltr'>Antichristo,</span> <span class='ocrx_word' id='word_1_289' title='bbox 998 3888 1053 3933; x_wconf 85' lang='lat' dir='ltr'>cap.</span> <span class='ocrx_word' id='word_1_290' title='bbox 1064 3871 1086 3930; x_wconf 89' lang='lat' dir='ltr'>l,</span> <span class='ocrx_word' id='word_1_291' title='bbox 1097 3873 1292 3918; x_wconf 79' lang='lat' dir='ltr'>commencemeat</span> 
     </span>
    </p>
   </div>
   <div class='ocr_carea' id='block_1_7' title="bbox 94 4087 1292 4413">
    <p class='ocr_par' dir='ltr' id='par_1_12' title="bbox 94 4087 1292 4413">
     <span class='ocr_line' id='line_1_32' title="bbox 163 4087 1292 4142; baseline -0.002 -2"><span class='ocrx_word' id='word_1_292' title='bbox 163 4087 263 4140; x_wconf 61' lang='grc' dir='ltr'>ἔἰιόουε</span> <span class='ocrx_word' id='word_1_293' title='bbox 289 4093 328 4140; x_wconf 74' lang='lat' dir='ltr'>tte</span> <span class='ocrx_word' id='word_1_294' title='bbox 354 4091 401 4140; x_wconf 87' lang='lat' dir='ltr'>col.</span> <span class='ocrx_word' id='word_1_295' title='bbox 427 4091 449 4139; x_wconf 79' lang='lat' dir='ltr'>ir</span> <span class='ocrx_word' id='word_1_296' title='bbox 475 4091 569 4139; x_wconf 82' lang='lat' dir='ltr'>added:</span> <span class='ocrx_word' id='word_1_297' title='bbox 596 4091 708 4142; x_wconf 85' lang='lat' dir='ltr'>Radices</span> <span class='ocrx_word' id='word_1_298' title='bbox 733 4097 862 4141; x_wconf 85' lang='lat' dir='ltr'>sectarum</span> <span class='ocrx_word' id='word_1_299' title='bbox 884 4091 1072 4142; x_wconf 79' lang='lat' dir='ltr'>scrutandeE¹</span> <span class='ocrx_word' id='word_1_300' title='bbox 1158 4088 1222 4140; x_wconf 78' lang='lat' dir='ltr'>⁹sic</span> <span class='ocrx_word' id='word_1_301' title='bbox 1239 4092 1292 4138; x_wconf 82' lang='lat' dir='ltr'>cod.</span> 
     </span>
     <span class='ocr_line' id='line_1_33' title="bbox 96 4173 1292 4227; baseline 0.002 -5"><span class='ocrx_word' id='word_1_302' title='bbox 96 4173 118 4203; x_wconf 84' lang='lat'>¹⁰</span> <span class='ocrx_word' id='word_1_303' title='bbox 137 4175 162 4223; x_wconf 74' lang='lat' dir='ltr'>is</span> <span class='ocrx_word' id='word_1_304' title='bbox 171 4193 232 4227; x_wconf 77' lang='lat' dir='ltr'>mar.</span> <span class='ocrx_word' id='word_1_305' title='bbox 245 4178 267 4225; x_wconf 83' lang='lat' dir='ltr'>ir</span> <span class='ocrx_word' id='word_1_306' title='bbox 279 4178 352 4226; x_wconf 79' lang='lat' dir='ltr'>add:</span> <span class='ocrx_word' id='word_1_307' title='bbox 370 4177 474 4226; x_wconf 79' lang='lat' dir='ltr'>Veritas</span> <span class='ocrx_word' id='word_1_308' title='bbox 487 4175 579 4226; x_wconf 83' lang='lat' dir='ltr'>fundat</span> <span class='ocrx_word' id='word_1_309' title='bbox 591 4177 701 4226; x_wconf 88' lang='lat' dir='ltr'>ecclesie</span> <span class='ocrx_word' id='word_1_310' title='bbox 711 4174 870 4227; x_wconf 80' lang='lat' dir='ltr'>membraE¹</span> <span class='ocrx_word' id='word_1_311' title='bbox 908 4175 927 4204; x_wconf 85' lang='lat'>¹¹</span> <span class='ocrx_word' id='word_1_312' title='bbox 940 4179 1036 4226; x_wconf 70' lang='lat' dir='ltr'>tamar.</span> <span class='ocrx_word' id='word_1_313' title='bbox 1046 4179 1148 4226; x_wconf 71' lang='lat' dir='ltr'>tradd:</span> <span class='ocrx_word' id='word_1_314' title='bbox 1166 4175 1292 4226; x_wconf 86' lang='lat' dir='ltr'>Toxicnm</span> 
     </span>
     <span class='ocr_line' id='line_1_34' title="bbox 94 4251 1291 4314; baseline 0.001 -4"><span class='ocrx_word' id='word_1_315' title='bbox 94 4261 212 4310; x_wconf 82' lang='lat' dir='ltr'>innatum</span> <span class='ocrx_word' id='word_1_316' title='bbox 221 4259 261 4312; x_wconf 70' lang='grc' dir='ltr'>ΕΙ</span> <span class='ocrx_word' id='word_1_317' title='bbox 305 4259 327 4289; x_wconf 77' lang='lat'>¹²</span> <span class='ocrx_word' id='word_1_318' title='bbox 345 4263 419 4311; x_wconf 84' lang='lat' dir='ltr'>below</span> <span class='ocrx_word' id='word_1_319' title='bbox 436 4264 475 4310; x_wconf 82' lang='lat' dir='ltr'>tde</span> <span class='ocrx_word' id='word_1_320' title='bbox 492 4251 539 4311; x_wconf 76' lang='lat' dir='ltr'>cdl.</span> <span class='ocrx_word' id='word_1_321' title='bbox 557 4264 579 4310; x_wconf 76' lang='lat' dir='ltr'>ir</span> <span class='ocrx_word' id='word_1_322' title='bbox 597 4263 691 4311; x_wconf 71' lang='lat' dir='ltr'>added.-</span> <span class='ocrx_word' id='word_1_323' title='bbox 710 4263 820 4313; x_wconf 87' lang='lat' dir='ltr'>Sanacio</span> <span class='ocrx_word' id='word_1_324' title='bbox 838 4263 909 4312; x_wconf 82' lang='lat' dir='ltr'>mdis</span> <span class='ocrx_word' id='word_1_325' title='bbox 927 4269 1055 4314; x_wconf 81' lang='lat' dir='ltr'>sectarum</span> <span class='ocrx_word' id='word_1_326' title='bbox 1068 4259 1291 4312; x_wconf 84' lang='lat' dir='ltr'>attendereturE¹</span> 
     </span>
     <span class='ocr_line' id='line_1_35' title="bbox 96 4341 796 4413; baseline 0.007 -20"><span class='ocrx_word' id='word_1_327' title='bbox 96 4341 119 4373; x_wconf 78' lang='lat'>¹⁸</span> <span class='ocrx_word' id='word_1_328' title='bbox 137 4348 161 4394; x_wconf 79' lang='lat' dir='ltr'>ia</span> <span class='ocrx_word' id='word_1_329' title='bbox 176 4364 237 4397; x_wconf 72' lang='lat' dir='ltr'>mar.</span> <span class='ocrx_word' id='word_1_330' title='bbox 255 4349 278 4397; x_wconf 76' lang='lat' dir='ltr'>ir</span> <span class='ocrx_word' id='word_1_331' title='bbox 296 4349 368 4397; x_wconf 72' lang='lat' dir='ltr'>add„-</span> <span class='ocrx_word' id='word_1_332' title='bbox 385 4347 540 4397; x_wconf 85' lang='lat' dir='ltr'>Maturiacio</span> <span class='ocrx_word' id='word_1_333' title='bbox 557 4354 748 4413; x_wconf 85' lang='lat' dir='ltr'>apostematum</span> <span class='ocrx_word' id='word_1_334' title='bbox 757 4346 796 4398; x_wconf 81' lang='lat' dir='ltr'>E¹</span> 
     </span>
    </p>
   </div>
   <div class='ocr_carea' id='block_1_8' title="bbox 151 4435 1078 4498">
    <p class='ocr_par' dir='ltr' id='par_1_13' title="bbox 151 4435 1078 4498">
     <span class='ocr_line' id='line_1_36' title="bbox 151 4435 1078 4498; baseline -0.005 -10"><span class='ocrx_word' id='word_1_335' title='bbox 151 4446 224 4498; x_wconf 74' lang='lat' dir='ltr'>mers,</span> <span class='ocrx_word' id='word_1_336' title='bbox 238 4447 353 4488; x_wconf 62' lang='lat' dir='ltr'>manerat</span> <span class='ocrx_word' id='word_1_337' title='bbox 370 4447 449 4488; x_wconf 68' lang='lat' dir='ltr'>wora.</span> <span class='ocrx_word' id='word_1_338' title='bbox 1045 4435 1078 4484; x_wconf 79' lang='lat'>23</span> 
     </span>
    </p>
   </div>
   <div class='ocr_carea' id='block_1_9' title="bbox 0 0 1630 5138">
    <p class='ocr_par' dir='ltr' id='par_1_14' title="bbox 0 0 1630 5138">
     <span class='ocr_line' id='line_1_37' title="bbox 0 0 1630 5138; baseline 0 0"><span class='ocrx_word' id='word_1_339' title='bbox 0 0 1630 5138; x_wconf 95' lang='lat' dir='ltr'> </span> 
     </span>
    </p>
   </div>
  </div>
 </body>
</html>
