3188 5148
501 539 787 590 INTRODUOPION.

26 719 76 775 De
98 717 255 774 materie
277 720 311 774 et
332 717 450 784 forme,
472 730 569 785 cepp.
594 755 602 772 .
626 756 633 772 .
657 756 665 773 .

97 815 172 865 Cum
202 816 313 866 matoria
340 822 366 865 et
387 815 470 864 forme
490 821 551 864 sunt
573 813 738 864 universalia.
767 814 837 881 finis.
861 814 974 863 enimam
994 814 1137 864 essenciam
1155 823 1231 880 prete

158 901 250 952 deum.

27 1009 75 1066 De
99 1008 376 1066 concordsoione
398 1009 550 1065 tretium.
573 1021 672 1075 capp.
694 1009 726 1063 4.

99 1107 173 1158 Cum
194 1107 311 1157 Christus
328 1107 361 1156 sit
378 1107 475 1172 primus
493 1111 520 1156 et
537 1105 699 1156 novissimus.
728 1101 799 1172 finis.
817 1103 953 1155 mendacio
971 1106 1004 1154 sit
1022 1105 1171 1156 firndutum.

27 1215 77 1270 De
100 1214 360 1283 septemdenis
383 1213 526 1282 Spiritus
548 1212 670 1269 suncti.
693 1226 790 1280 oepp.
814 1213 843 1268 8.

99 1313 172 1362 Cum
192 1312 303 1378 Spiritus
321 1311 432 1361 Sanctus
449 1312 482 1361 sit
499 1310 581 1362 tercie
597 1325 716 1377 persone.
745 1312 814 1378 finis.
832 1310 1009 1376 multipliciter
1026 1311 1171 1377 prophetat.

30 1419 215 1488 expositio
238 1422 360 1484 textus,
382 1420 477 1475 Meti.
499 1419 594 1475 xxiii.
617 1432 713 1487 capp.
738 1420 789 1474 12.

102 1518 175 1568 Cum
195 1517 329 1583 sapiencia
346 1518 397 1567 Dei
415 1518 502 1582 petris.
532 1518 601 1585 finis.
619 1517 645 1566 in
663 1517 719 1566 istis
736 1515 842 1582 perfidis
859 1515 915 1565 sino
932 1514 992 1565 fine.

35 1625 84 1682 De
107 1625 366 1682 sefioinecione.
389 1639 486 1694 oepp.
509 1627 540 1682 2.

104 1725 175 1774 Cum
194 1723 339 1773 secundum
357 1729 459 1772 sanctos
477 1727 585 1787 spectat.
614 1724 684 1790 finis.
705 1721 814 1772 ecclesie
833 1727 873 1772 cst
889 1721 988 1772 sedate.

35 1847 84 1903 De
107 1846 423 1916 condempnecione
445 1851 485 1903 le
508 1847 775 1903 conclusionum.

106 1947 176 1996 Cum
195 1945 340 1995 secumdum
358 1945 503 2010 apostolum
521 1945 590 1996 Heb.
608 1945 642 1994 xi.
665 1946 734 2013 finis.
754 1951 781 1994 el
797 1944 840 2010 pie
857 1944 885 1992 iu
904 1942 1065 2009 euangelica
1083 1949 1246 2009 paupertate.

16 2037 18 2046 ’
105 2031 175 2082 Cum
193 2037 283 2082 autem
301 2031 408 2097 Spiritui
425 2029 521 2080 Sancto
539 2030 727 2097 appropriatur.
756 2032 824 2098 finis.
842 2029 869 2078 iu
887 2029 983 2095 Anglie
1001 2029 1155 2094 germinare.

39 2139 200 2206 Epistola.

107 2239 174 2289 Cum
192 2238 287 2304 prelati
304 2236 512 2286 contenciouum.
542 2237 612 2302 finis.
631 2252 691 2285 suos
708 2235 828 2285 accucius
846 2233 978 2300 puniendi.

41 2344 143 2403 Liber
164 2345 286 2403 tertius
309 2343 472 2399 sermonis
493 2341 629 2398 Domini
650 2343 686 2399 in
707 2345 829 2399 monte.
852 2355 949 2410 capp.
973 2342 1023 2397 74.

108 2444 245 2510 Completo
263 2448 377 2492 tructutu
394 2441 477 2506 primo
495 2440 642 2506 euangelii.
674 2442 740 2500 finis.
759 2445 885 2506 appetent
902 2455 930 2490 se
948 2455 1001 2488 nou
1019 2455 1083 2488 esse.

46 2549 216 2607 sermones
239 2551 282 2606 de
304 2553 455 2618 tempore
477 2561 539 2616 per
560 2549 726 2604 circulum
748 2548 829 2603 enni
851 2560 954 2616 super
976 2547 1207 2614 ewangelium.

111 2651 177 2699 Cum
196 2651 269 2698 Deus
287 2647 456 2714 undiquaque
474 2646 575 2712 plenus.

49 2755 191 2812 mm
213 2755 459 2812 conclusiones.

111 2856 210 2906 Cristus
228 2854 293 2904 deus
310 2860 398 2904 nostor
415 2858 501 2918 caput.
529 2853 598 2919 fisis.
617 2851 825 2918 compendiosius
843 2850 914 2901 dabit
932 2866 1031 2917 pacem.

51 2960 95 3016 De
115 2961 326 3019 confessione
348 2961 417 3018 sive
439 2961 482 3017 de
503 2959 688 3016 eukaristie
709 2961 743 3015 et
764 2958 959 3026 penitentie.
982 2971 1079 3026 cepp.
1103 2961 1132 3012 6.

112 3063 171 3110 Duo
189 3065 250 3110 suut
267 3065 432 3108 sacramenta
449 3058 581 3124 precipua.
611 3059 680 3125 finis.
700 3057 860 3106 constantius
877 3056 1002 3106 confiteri.

52 3165 94 3224 De
115 3167 271 3225 orecione
292 3168 326 3222 et
347 3165 490 3221 ecclesie
511 3165 725 3234 pur-gecione.
748 3177 845 3232 cepp.
868 3167 898 3219 5.

113 3267 235 3316 Dicturus
252 3263 285 3314 de
303 3263 425 3314 oracione
442 3262 579 3328 quomodo.
609 3265 678 3330 finis.
698 3261 827 3328 quomodo
846 3261 957 3312 suntab
975 3260 1085 3310 ccclesia
1104 3261 1188 3326 expcl.

113 3352 217 3401 Dictum
236 3357 276 3400 est
293 3349 326 3400 de
344 3348 469 3416 gradibus
488 3348 605 3399 ecclesie.
635 3351 704 3416 finis.

55 3455 95 3514 De
120 3458 300 3515 commodis
328 3456 604 3513 convenientibus
631 3469 673 3512 ex
705 3455 907 3512 reducoione
938 3452 1021 3509 cleri
1052 3455 1095 3510 ed
1128 3453 1245 3509 ordine

164 3543 272 3601 (tristi.

115 3643 216 3692 Dictum
234 3647 274 3691 est
290 3641 319 3690 in
336 3640 468 3690 solucione
486 3639 630 3704 cujusdem.
660 3641 730 3707 finis.

57 3747 189 3810 eumue
211 3751 254 3806 de
276 3761 430 3804 sermone
451 3746 587 3803 Domini
607 3748 643 3804 in
664 3750 787 3803 monte.
810 3759 907 3814 capp.
933 3746 982 3799 14.

115 3847 216 3896 Dictum
233 3853 274 3896 est
290 3845 410 3912 superius
427 3845 497 3911 quod
514 3844 613 3894 tertius.
643 3847 712 3912 sinis.

116 3933 171 3982 Duo
187 3939 247 3982 srmt
263 3946 364 3999 genere
380 3930 560 3980 hereticorum.
585 3932 654 3999 finis.
674 3929 844 3980 obserueucia
860 3929 987 3979 faciendo.

60 4036 309 4096 liscomendsclo
331 4038 580 4094 assumencium
601 4040 735 4106 medus.

116 4137 236 4187 Dominus
253 4136 396 4186 vobiscum.
426 4135 503 4186 Ruth.
521 4136 547 4186 ii.
575 4138 645 4203 finis.
663 4152 722 4186 cum
739 4151 846 4200 corpore
864 4135 1059 4185 resumendum.

60 4240 256 4314 nequedum
277 4243 454 4313 questione
476 4256 540 4311 pro
560 4243 728 4300 thesauris
749 4241 950 4299 retinendis.

116 4343 222 4394 Dubium
240 4349 281 4395 est
298 4349 386 4393 utrum
403 4357 521 4408 rognum.
545 4343 613 4408 sinis.
632 4341 707 4407 regni
724 4340 841 4408 inpediat
858 4340 885 4389 in
903 4340 1027 4389 futurum.
