3262 5156
503 585 791 636 INTRODUCPION.
1181 600 1249 644 LXV

50 757 93 814 De
114 771 259 827 corpore
282 759 413 816 curati
450 760 618 826 Querela
640 775 668 817 c.
691 760 798 818 alium
819 760 981 817 maiorem
1002 762 1194 816 tractatum.

112 857 180 923 Seps
200 857 335 907 confessus
351 873 409 908 sum
426 863 453 908 et
470 858 563 909 adhuc.
587 860 655 926 fiais.
673 858 845 923 quantumin
863 858 989 924 episcopis
1007 863 1054 908 ast.

51 981 94 1036 De
115 981 355 1037 contrarietate
377 984 522 1060 duorum
543 983 756 1040 dominorum
771 997 909 1039 suarum
924 983 1072 1052 paruum
1086 996 1126 1038 ac
1141 982 1249 1038 eciam

167 1097 292 1140 rerum.

113 1182 188 1232 Sicut
206 1187 247 1232 est
263 1197 331 1232 uuus
348 1197 425 1232 venis
443 1189 470 1234 et
487 1199 610 1234 summus.
639 1186 709 1251 fiais.
729 1183 905 1250 triumphante
924 1183 1035 1234 ccclesia
1052 1189 1180 1234 exstante.

52 1307 96 1364 De
116 1306 344 1363 citaoionibus
365 1307 498 1364 friuolis
520 1311 554 1364 et
576 1307 653 1378 alijs
674 1307 837 1378 versucb's
859 1303 1065 1365 antechristi.

114 1404 142 1455 Si
159 1420 233 1472 papa
250 1407 293 1456 uel
310 1407 367 1456 cius
384 1406 503 1456 vicarius.
532 1409 602 1474 [iaie.
620 1407 676 1457 sive
694 1407 792 1457 semiat
809 1406 938 1457 libertate.

55 1512 99 1567 De
120 1511 187 1569 fide
212 1513 387 1571 catholiea.
409 1527 507 1582 capp.
530 1516 560 1570 8.

116 1611 265 1678 Suppositis
282 1611 356 1662 dictis
373 1612 406 1663 dc
423 1611 475 1662 fide
492 1627 530 1663 ca
560 1615 632 1682 linia
652 1611 745 1662 Christi
763 1617 790 1663 et
807 1611 904 1662 diaboli
922 1611 1046 1662 stabilire.

55 1718 100 1773 De
120 1719 294 1775 'i'rinitata
446 1703 448 1706 ⁵

117 1815 245 1883 Superest
261 1823 300 1868 est
316 1817 474 1884 investigare
492 1817 525 1867 de
542 1817 718 1869 dhdnccione.
747 1817 817 1884 finis.
839 1831 887 1882 per
903 1817 1009 1882 qualem
1027 1815 1171 1868 essentiam
1188 1831 1253 1882 qua-

168 1901 315 1953 litatiouem
332 1903 378 1966 (i)
395 1902 519 1954 assensis.

55 2009 100 2067 De
120 2009 322 2066 Eukcristia
358 2010 469 2074 Quare
490 2023 632 2079 parvum
652 2011 833 2066 tractatum
854 2008 891 2065 in
913 2011 944 2066 s.

118 2107 267 2158 Tractando
284 2107 317 2158 de
334 2109 485 2160 Eukuristia
509 2111 578 2177 fiais.
596 2109 623 2158 in
640 2107 740 2160 Christo
757 2108 818 2159 Iesu
835 2107 948 2158 finaliter
965 2108 1112 2158 obseruare.

57 2215 103 2271 De
122 2214 230 2284 ydeis.

120 2313 268 2364 Tractando
285 2313 319 2364 de
335 2312 417 2379 ydeis
445 2316 516 2382 fiais.
535 2313 616 2365 habet
632 2314 719 2365 idoam
736 2313 865 2382 propriam
882 2313 910 2362 iu
928 2314 993 2364 Deo.

60 2420 104 2475 De
124 2421 371 2490 composicione
393 2422 547 2480 hominis.
586 2437 683 2492 capp.
706 2425 736 2478 8.

122 2518 183 2568 Tria
200 2526 308 2570 mouent
325 2535 367 2570 me
385 2520 418 2570 ad
435 2520 607 2572 tractandum.
636 2522 705 2588 fiais.
723 2520 787 2571 alibi
804 2520 866 2571 satis
883 2534 954 2586 sepe.

63 2625 107 2680 De
127 2626 254 2696 triplici
275 2628 412 2684 vinculo
433 2628 565 2684 amoris.

125 2723 184 2774 Tria
200 2731 263 2775 sunt
279 2725 387 2776 vincula
403 2727 504 2778 amoris.
533 2727 601 2795 fiais.
620 2725 739 2794 regulam
757 2726 822 2793 legis
840 2727 898 2777 Dei

66 2830 110 2888 De
130 2845 188 2888 aex
206 2825 322 2902 jugis!

128 2929 161 2979 Vt
176 2923 306 2997 simplices
322 2931 469 2982 sacerdotes
485 2931 541 2982 nalo
559 2946 583 2982 a.
613 2933 681 3000 fiais.
700 2931 848 2982 huiusmodi
864 2932 1003 2982 nouitates.

68 3034 207 3104 Epistola
228 3039 330 3095 missa
351 3039 509 3108 episcopo
531 3039 771 3096 cantuariensi.

129 3135 289 3186 Venerabilis
306 3137 333 3186 in
351 3136 450 3187 Christo
467 3143 542 3203 pater
559 3143 586 3187 et
602 3136 716 3187 domine.
745 3138 816 3205 fiais.
834 3138 976 3205 legislator.

70 3240 208 3308 Epistola
228 3243 331 3300 missa
352 3244 396 3300 sd
418 3244 590 3312 simplices
612 3245 814 3302 sacerdotes.

132 3339 236 3391 Videtur
253 3340 412 3392 meritorium
430 3342 511 3393 bonos
527 3343 658 3410 colligere.
686 3343 758 3412 fisis.
778 3343 866 3395 taliter
883 3343 1023 3410 operando.

72 3443 116 3502 De
135 3449 288 3515 gradibus
310 3449 395 3505 cieri
415 3452 450 3506 et
471 3449 613 3506 ecclesie
634 3451 821 3509 militantis.

133 3545 237 3597 Videtur
253 3553 342 3598 autam
359 3547 455 3598 sanctis
472 3547 628 3598 doctoribus.
657 3551 727 3615 fiais.
745 3550 923 3616 multipliciter
939 3550 1018 3600 istum
1036 3548 1169 3600 mundum.

76 3648 336 3720 supplementum
364 3655 498 3723 trislogi
525 3653 561 3710 id
588 3658 639 3710 est
666 3655 709 3712 de
736 3656 914 3712 dotacione
938 3657 1081 3714 ecclesie
1103 3660 1136 3712 et
1157 3656 1261 3712 debet

183 3743 267 3797 stare
288 3741 470 3797 inmediste
492 3743 569 3809 post
589 3740 779 3810 tristegum
801 3755 898 3810 capp.
923 3745 973 3798 10.

137 3835 221 3887 Vtrum
238 3838 322 3890 clerus
340 3838 431 3889 debuit
447 3838 619 3890 dotaciouem.
648 3841 717 3906 finis.
736 3839 864 3889 adiutorio
882 3839 1045 3905 postulando.

80 3937 122 3994 De
142 3934 179 3997 s.²
199 3959 292 4014 capp.
317 3949 367 4004 10.

141 4039 172 4090 Vt
185 4057 259 4110 supra
276 4044 346 4095 dicia
365 4044 455 4112 msgls.
484 4046 554 4113 fiais.
575 4044 608 4095 de
626 4043 739 4094 dominio
757 4045 917 4096 clericorum.

1126 2899 1151 2948 V
1228 2893 1229 2898 Ν

144 4274 153 4304 ¹
168 4279 205 4332 Da
219 4299 263 4336 sex
280 4284 363 4354 iugis]
381 4285 498 4336 hmeried
516 4286 551 4350 by
569 4299 586 4334 a
604 4284 671 4334 later
688 4283 757 4334 hand
775 4284 802 4334 iu
819 4285 863 4335 the
882 4287 991 4351 margin.

145 4359 198 4438 ἐ]
214 4369 267 4422 The
284 4379 337 4423 rest
354 4372 385 4422 of
399 4371 442 4422 the
460 4371 517 4422 title
534 4369 659 4438 illegible.
694 4369 719 4420 it
735 4368 829 4420 should
846 4371 879 4420 be
896 4375 965 4420 rictu
984 4371 1135 4420 innocencie.

133 4463 199 4518 ii'uiis.
213 4471 322 4512 Polemios!
339 4471 420 4514 Worts
1027 4473 1048 4517 V
