3248 5138
333 541 394 597 374
510 536 538 582 J.
564 533 702 592 nvom,
719 533 775 581 DE
790 531 962 581 DIABOLO
979 532 1031 581 ΕΤ
1044 531 1223 581 MEMBRIS
1241 531 1339 580 awo.

417 707 459 767 Et
481 715 600 769 constat
621 726 660 766 ex
682 705 741 766 fide
763 704 921 783 euangelii
952 704 990 765 de
1009 705 1177 785 particione
1204 705 1414 785 temporalium
1436 705 1506 766 facta

332 809 489 890 discipulis
511 830 530 870 a
551 809 673 870 domino
692 809 762 868 Iesu
786 807 894 880 Cristo,
918 809 1000 889 quod
1021 808 1158 887 sophista
1184 808 1335 888 dyabolus
1361 817 1453 887 potest
1470 807 1506 868 ia·

331 913 429 974 oiliter
451 912 590 990 decipere
612 912 718 973 mundi
740 911 849 972 divites
870 911 901 971 in
922 911 1090 990 particione
1112 911 1328 992 temporalium
1350 911 1424 972 datis
1446 932 1507 990 ypo

331 1016 423 1076 critis.
461 1014 535 1074 Ideo
551 1014 727 1076 distribucio
743 1015 849 1075 horum
871 1022 1037 1075 stercorum
1058 1023 1105 1076 est
1125 1016 1222 1094 magis
1243 1015 1411 1096 periculosa
1430 1034 1508 1094 quam

332 1119 473 1180 carencia
494 1118 667 1191 eorundem,
691 1127 722 1180 et
741 1118 810 1179 ideo
831 1117 948 1179 Oriatus
969 1137 1025 1179 nec
1046 1119 1079 1178 iu
1101 1139 1229 1198 persona
1250 1119 1374 1198 propria
1393 1137 1445 1178 nec
1464 1137 1513 1197 per

332 1242 401 1282 suos
423 1220 575 1301 apostolos
596 1219 694 1281 voluit
715 1222 779 1281 fieri
800 1221 907 1282 talium
928 1215 1131 1282 distributor.‘¹

417 1325 571 1402 Rogemus
592 1344 677 1402 ergo,
710 1325 791 1404 quod
822 1345 883 1385 uon
912 1325 1071 1404 prevaleat
1100 1326 1238 1386 versucia
1269 1323 1392 1404 dyaboli
1419 1331 1515 1384 contra

332 1428 436 1489 fideles
458 1427 496 1488 de
519 1426 648 1487 ecclesia
669 1425 738 1487 Iesu
757 1423 887 1488 Cristi.¹⁴

949 1530 1082 1591 Pexlicit
1110 1538 1260 1591 tratuscta
1281 1529 1320 1591 de
1341 1529 1462 1607 lobrady
1489 1537 1517 1588 te

950 1633 1092 1695 braimem
1113 1635 1178 1697 suia
1199 1633 1245 1694 Ih.
1270 1628 1455 1694 Winclevi.¹⁵

355 1737 567 1744 ---—-—-——-·—

545 1800 612 1867 ⁴07).
625 1807 667 1868 for
683 1807 792 1854 instance
811 1805 871 1852 Luc.
891 1808 931 1859 19,
950 1809 980 1852 tt

333 2043 385 2093 bris
402 2041 594 2092 eiusdohaunis
603 2043 755 2108 Wi(n)clavi
790 2049 914 2094 tractatus
931 2043 964 2092 de
983 2039 1160 2111 magisteriofl
1194 2041 1308 2107 Explicit
1329 2041 1384 2091 hoc.
1412 2042 1451 2092 Do
1467 2042 1521 2091 fuu-

334 2128 443 2178 dacione
460 2128 592 2195 religionis
604 2131 627 2178 J
