3248 5138
95 552 145 596 rap.
162 531 218 599 n'JJ
373 535 652 584 PURGATORIUM
670 535 815 584 &nonin
832 533 992 582 CHRISTI.
1222 539 1283 596 313

95 706 170 778 dicit,
193 727 225 766 se
247 727 308 767 non
330 728 396 768 esse
419 707 544 785 dignum
567 707 726 785 corrigiam
749 706 948 767 calceamenti
972 707 1087 768 domini
1108 705 1282 778 dissolvere,

94 809 161 887 quid
182 818 211 868 et
232 808 317 870 aliud
340 820 428 871 sonat
449 810 526 870 illud
540 810 606 871 Ioh.
623 810 717 870 tercio
733 816 827 888 cap.‘:
852 810 902 889 qui
926 810 964 870 da
988 810 1053 870 calo
1076 809 1169 881 venit,
1193 829 1284 888 super

94 933 189 972 omnes
219 923 278 984 ast,
311 933 381 972 cum
412 913 480 973 aliis
511 912 611 974 verbis
642 912 906 974 commendatoriis
937 911 979 972 ibi
1015 913 1123 973 dictis?
1161 910 1225 971 Cur
1254 921 1284 972 et

94 1014 226 1092 Baptista
247 1015 382 1075 mitteret
407 1037 477 1076 suos
499 1016 664 1094 discipulos
687 1016 727 1075 ad
749 1016 849 1076 Iesum
874 1013 1006 1075 Cristum
1029 1014 1140 1074 Matth.
1167 1009 1223 1074 11!
1243 1014 1283 1075 ad

73 1117 270 1176 §noscendum
285 1129 401 1195 septem
417 1117 590 1190 miraordati,
615 1140 673 1197 que
696 1118 776 1178 ultra
794 1127 977 1196 potestatem
993 1117 1149 1177 hominum
1166 1115 1283 1177 Cristae

93 1220 175 1278 fecit?
191 1251 231 1259 -
253 1218 315 1280 Vel
338 1241 410 1298 ergo
433 1230 552 1299 oportet
573 1222 749 1292 concedere,
774 1220 855 1300 quod
874 1217 1015 1298 Baptista
1030 1220 1144 1280 erravit
1157 1220 1189 1279 in
1212 1220 1280 1292 fide,

94 1321 137 1380 vel
158 1321 237 1402 quod
259 1341 330 1383 suos
353 1323 517 1402 discipulos
540 1324 580 1384 ad
602 1333 717 1384 sectam
739 1323 854 1383 domini
877 1323 1061 1402 preparavit.

171 1423 274 1499 Quare
296 1426 389 1503 igitur
410 1447 471 1486 non
493 1426 535 1486 sic
557 1426 695 1486 facerent
720 1425 777 1485 iste
804 1433 900 1496 secte,
924 1435 989 1486 turn
1018 1435 1131 1500 tamen,
1160 1425 1281 1505 quando

93 1539 197 1586 exeunt
217 1527 291 1588 istas
313 1540 421 1600 sectos,
453 1528 511 1589 hoc
534 1541 580 1588 ost
601 1528 706 1607 gracia
727 1528 871 1588 secularis
903 1527 1041 1600 dominii,
1075 1536 1109 1587 ut
1137 1535 1221 1606 patet
1243 1527 1281 1588 de

61 1629 229 1706 inreligiosis
251 1629 341 1692 sactis
363 1632 512 1711 episcopis
535 1631 583 1692 vel
607 1631 732 1701 curatis;
758 1630 812 1690 sed
834 1639 908 1690 tuno
930 1631 1100 1709 insignum
1124 1651 1177 1691 sue
1199 1631 1281 1710 cupi·

93 1729 162 1792 dinis
183 1753 251 1793 suos
273 1732 397 1793 habitus
420 1754 523 1794 secum
545 1734 655 1806 ferunt,
679 1754 715 1794 ao
739 1733 817 1794 siin
840 1734 922 1793 facto
946 1732 1095 1805 dicerent,
1126 1734 1208 1813 quod
1230 1754 1281 1812 ap·

93 1845 191 1910 petunt
217 1835 335 1896 lucrum
362 1836 575 1915 temporalium
601 1847 633 1897 et
659 1856 721 1896 non
742 1837 918 1914 pauperiem
950 1835 1063 1896 domini
1086 1835 1156 1896 Iesu
1180 1834 1279 1908 Cristi,

93 1937 155 2013 quia
175 1947 246 1998 tuno
270 1939 389 1999 exirent
410 1939 496 1999 illum
520 1939 656 2001 ordinem
679 1947 802 2018 propter
817 1938 1027 2018 episcopatum
1049 1959 1110 1998 non
1131 1939 1279 1999 dotatum.

93 2036 175 2112 Quod
196 2061 265 2102 oum
289 2062 350 2102 non
372 2042 498 2114 faciunt,
531 2043 588 2103 nisi
616 2042 686 2103 talis
717 2042 882 2119 graduacio
905 2042 985 2102 foret
1012 2042 1153 2120 pingwis,
1186 2041 1280 2102 mani·

59 2140 192 2202 rasestum
214 2152 269 2216 est,
294 2143 376 2223 quod
397 2144 529 2204 innuunt
550 2153 662 2205 statum
685 2144 787 2216 ilium,
813 2145 892 2204 sicut
913 2153 1026 2204 statum
1049 2143 1191 2224 papalem
1214 2164 1280 2204 esse

92 2245 295 2320 perfecciorem
318 2258 442 2325 propter
463 2247 634 2307 mundanas
665 2247 801 2306 divicias.
846 2245 889 2306 Et
920 2248 962 2307 sic
994 2256 1111 2326 ponunt
1137 2247 1170 2306 in
1196 2247 1278 2307 sacto

92 2357 193 2408 statum
216 2349 416 2427 apostolicum
439 2347 495 2408 sub
518 2369 578 2408 non
601 2350 708 2426 gradu.
753 2350 822 2409 Non
845 2351 925 2410 enim
954 2350 1069 2410 audent
1096 2369 1276 2428 presumere,

92 2449 163 2526 quod
184 2461 281 2511 status
304 2452 512 2530 episcoporum
537 2452 659 2512 dotatus
685 2453 724 2512 sit
751 2453 781 2512 in
805 2453 949 2530 superiori
973 2453 1163 2531 perfeccione
1186 2471 1276 2531 quam

91 2565 178 2614 status
199 2555 393 2633 apostolicus,
422 2555 495 2634 quin
517 2555 560 2616 sio
583 2554 692 2616 dotans
715 2555 874 2616 ecclesiam
907 2555 1050 2616 fundaret
1073 2564 1184 2616 statum
1212 2576 1277 2635 par-

58 2654 255 2729 ariteciorem,
279 2676 371 2735 quam
394 2655 567 2717 habuerunt
589 2658 720 2736 apostoli
742 2658 812 2718 Iesu
835 2657 938 2730 Cristi;
971 2668 1003 2718 et
1030 2659 1067 2718 de
1090 2666 1204 2738 quanto
1226 2659 1278 2720 do·

91 2769 184 2818 tantur
209 2759 354 2838 amplius,
388 2759 426 2818 de
456 2769 542 2820 tanto
574 2771 621 2821 est
651 2771 748 2822 status
775 2761 950 2840 perteccior.
997 2761 1058 2821 Sed
1086 2761 1158 2841 quid
1180 2762 1277 2839 magis

91 2859 263 2922 hereticum?

594 3105 680 3164 CAP.
706 3104 762 3164 XI.

165 3269 212 3331 Ex
235 3272 301 3332 istis
324 3272 454 3343 videtur,
477 3271 575 3331 bonus
599 3273 740 3333 sacerdos
767 3285 797 3334 et
819 3275 978 3351 episcopus
1000 3274 1101 3333 forent
1123 3273 1219 3344 idem,
1244 3282 1278 3333 ut

92 3368 154 3432 dicit
167 3372 374 3454 Hieronymus
397 3385 428 3434 et
450 3375 535 3452 ponit
556 3374 607 3434 lex
629 3375 660 3435 in
679 3376 812 3448 Decret,
830 3380 869 3436 95
894 3376 962 3436 dist.
987 3397 1053 3454 cap.
1079 3375 1222 3456 ‘Olym'‘',
1246 3387 1277 3436 et

58 3471 127 3532 assic
147 3496 247 3537 omnes
270 3498 399 3556 persone
421 3476 539 3537 habiles
562 3479 593 3537 in
616 3478 674 3538 hiis
697 3479 796 3550 sectis,
821 3479 939 3539 exirent
961 3479 1029 3539 illas
1046 3480 1083 3539 de
1106 3479 1174 3557 lege
1197 3501 1276 3539 oom-

91 3578 164 3637 muni
185 3580 224 3638 ad
248 3589 361 3640 statum
384 3601 456 3640 cure
478 3580 654 3658 pastoralis,
688 3602 756 3641 cum
780 3582 837 3643 hoc
861 3583 940 3643 foret
963 3581 1138 3660 perfeecius.
1185 3582 1277 3658 Quod

92 3677 112 3736 si
131 3682 289 3761 corporalis
313 3682 435 3743 habitus
458 3683 507 3742 vel
530 3683 706 3762 temporalis
729 3683 849 3746 dotacio
872 3686 1007 3745 retardat
1035 3683 1074 3744 ab
1101 3685 1158 3744 isto
1181 3685 1274 3758 exitu,

92 3785 260 3858 ostenditur,
293 3786 375 3865 quod
406 3785 537 3862 diligunt
567 3797 666 3845 sectas
697 3806 793 3847 novas
815 3787 866 3847 vel
888 3788 1093 3867 prelacionem
1121 3808 1275 3848 cesaream

94 3882 151 3958 plus
180 3907 269 3966 quam
301 3889 438 3948 ordinem
470 3888 585 3948 domini
606 3887 676 3948 Iesu
701 3887 801 3949 Cristi.
846 3890 970 3951 Fratres
1002 3890 1081 3949 enim
1114 3900 1144 3950 et
1172 3911 1277 3950 omnes

291 4131 338 4174 ‘n
351 4131 381 4177 31
450 4123 464 4161 s
479 4131 528 4176 a?
598 4131 664 4191 “qn
685 4128 776 4178 Marta
796 4135 869 4180 11.5

292 4213 367 4260 CAP.
381 4212 432 4260 XI.
467 4215 478 4238 ⁰
496 4229 534 4275 cp.
553 4214 625 4276 Corp.
644 4216 691 4262 iar.
709 4231 772 4270 con„
788 4216 825 4264 ed.
843 4215 1099 4278 necarer-Frontem,
1109 4233 1136 4278 p.
1151 4219 1213 4273 332,·
1236 4233 1274 4279 op.

247 4298 321 4346 abone
335 4315 362 4360 p.
383 4303 431 4348 100
449 4301 533 4345 notes
