3248 5138
354 533 415 591 302
773 525 965 574 Joaarars
987 526 1127 583 a'rcnrr,
1412 524 1468 593 [ap.
1483 529 1523 576 m

352 700 462 762 illaad
483 700 646 778 puritatem
670 693 737 777 [affl
760 700 917 760 caritatem
945 699 1111 778 prudenter
1132 719 1151 758 a
1173 701 1290 761 cunctis
1318 700 1465 761 cristicolis
1487 714 1522 760 est

353 803 494 875 colenda;
519 811 573 875 est,
596 803 729 884 inquam,
753 803 886 864 securior
907 811 971 862 tam
987 801 1135 880 discipulo
1151 821 1242 881 quam
1257 804 1411 881 magistro.
1445 803 1524 863 Disci-

352 905 442 985 pulus
465 906 545 966 enim
566 905 687 966 facilius
709 914 811 984 posset
826 905 1035 966 obedienciam
1057 905 1193 982 magistri
1208 905 1297 983 primi
1318 906 1420 967 facere
1439 925 1525 966 secun

353 1009 426 1070 dum
447 1030 555 1088 puram
577 1007 715 1086 regulam
736 1005 837 1080 Cristi,
860 1027 951 1088 quarn
974 1007 1141 1068 secundum
1162 1008 1236 1069 istas
1258 1009 1382 1086 regulas
1402 1009 1527 1069 adinven-

353 1123 408 1172 tas.
453 1111 497 1172 Et
519 1132 558 1171 ex
581 1120 668 1190 parte
691 1111 842 1190 pedagogi
864 1119 910 1171 set
931 1111 1077 1183 securior,
1111 1111 1183 1190 quia
1205 1120 1236 1172 et
1266 1111 1418 1172 notiidelis
1444 1113 1556 1174 omnies

353 1215 433 1274 bona
455 1214 634 1294 spiritualia,
657 1234 715 1293 que
737 1213 808 1274 talis
830 1214 1007 1293 capitaneus
1021 1212 1097 1274 facit
1111 1233 1165 1274 suo
1188 1216 1352 1274 conventui
1368 1223 1399 1276 et
1420 1213 1528 1280 videbit.

353 1318 433 1396 quod
456 1317 623 1378 secundum
638 1315 776 1394 regulam
792 1313 883 1375 Oristi
900 1325 1003 1394 posset
1024 1315 1168 1376 humilius
1190 1326 1229 1388 et,
1253 1317 1355 1396 quoad
1374 1317 1529 1397 superbiam

353 1419 573 1499 blasphemam,
596 1419 731 1480 securius
753 1427 872 1479 tantum
895 1417 1008 1478 bonum
1030 1419 1080 1478 vel
1102 1419 1199 1480 maius
1221 1419 1332 1480 facere.

437 1522 480 1583 Et
501 1523 544 1583 sic
566 1523 648 1582 racio
670 1522 868 1582 necessitaret
883 1521 923 1581 ad
938 1531 1063 1583 cunctos
1077 1523 1151 1582 istos
1173 1542 1268 1582 novos
1286 1523 1408 1583 ordines
1430 1523 1529 1601 fugien-

352 1625 424 1686 dum
448 1635 478 1686 et
499 1645 593 1686 manu
615 1625 685 1685 duci
707 1633 807 1703 potest
828 1645 950 1702 grossus
971 1625 1070 1685 viator
1091 1625 1131 1684 ad
1153 1625 1202 1685 isti
1224 1626 1378 1686 sentencie
1401 1625 1556 1685 adherente

352 1728 434 1788 dum.
479 1727 512 1789 si
543 1729 624 1789 enim
655 1727 699 1788 sol
732 1727 879 1788 naturalis
909 1727 988 1787 soret
1018 1728 1161 1788 continue
1188 1737 1278 1788 nocte
1304 1737 1336 1788 at
1357 1729 1407 1789 die
1428 1729 1458 1788 in
1477 1749 1529 1806 pre

351 1831 454 1891 sancia
468 1831 602 1903 viatoris,
625 1829 810 1909 superfluum
825 1830 904 1890 foret
919 1829 974 1890 sibi
990 1829 1158 1908 orologium
1177 1841 1387 1910 sumptuosum
1403 1841 1433 1891 et
1448 1831 1528 1890 fallar

352 1945 535 1994 construere.
558 1970 600 1980 -
624 1932 827 1992 Conl'ormiter
849 1942 895 1992 est
917 1933 955 1992 de
977 1931 1040 1992 sole
1058 1933 1185 2005 iusticie,
1208 1933 1331 1993 domino
1348 1932 1421 1994 Iesu
1436 1933 1526 2000 Crisa),

352 2056 396 2108 ec,
420 2036 502 2115 quod
523 2045 587 2097 tam
609 2037 673 2096 vita
696 2055 751 2096 sua
772 2055 863 2114 quam
885 2034 992 2112 regula
1015 2035 1140 2095 deberet
1165 2055 1231 2096 esse
1256 2036 1407 2096 cristianis
1429 2037 1528 2096 cuncte

351 2139 466 2211 accior,
496 2159 587 2220 quam
608 2139 678 2199 talis
701 2138 837 2217 privatus
860 2137 1036 2215 capitaneus
1058 2137 1108 2198 vel
1133 2147 1290 2216 patronus,
1317 2149 1349 2199 et
1369 2140 1440 2200 talis
1460 2154 1556 2199 sectare

351 2241 471 2320 privata
494 2252 540 2302 est
561 2262 687 2302 onerosa
709 2241 836 2302 ecclesie
863 2249 893 2300 et
914 2239 1123 2317 multipliciter
1149 2240 1309 2301 defectiva.
1356 2242 1426 2318 Qua
1453 2244 1528 2320 igitur

351 2345 428 2404 foret
458 2345 604 2405 securitas
633 2345 730 2422 ipsam
762 2353 936 2404 construere
966 2343 1029 2403 eive
1062 2343 1224 2403 defendere
1255 2363 1310 2422 pro
1342 2343 1474 2406 riacioue
1496 2343 1527 2402 ad
1588 2391 1589 2420 ,

351 2447 568 2508 beatitudinem
592 2448 853 2528 consequendam?

436 2550 569 2611 Possunt
590 2551 669 2610 enim
693 2550 783 2611 corde
802 2549 902 2610 laxari
923 2549 954 2608 iu
972 2549 1029 2610 isto
1045 2549 1178 2628 orologio
1194 2549 1369 2623 adinvento,
1393 2563 1424 2612 et
1444 2569 1528 2626 sump

351 2663 470 2713 tuosum
493 2673 529 2714 ac
552 2674 710 2714 onerosum
738 2661 792 2725 est,
816 2652 856 2712 ad
879 2672 1001 2712 cursum
1032 2652 1102 2712 solis
1134 2653 1291 2713 attendere
1316 2674 1373 2732 pro
1397 2653 1558 2732 principium

351 2757 391 2816 ad
413 2765 528 2817 motum
550 2757 637 2816 istius
659 2755 785 2834 orologii
806 2755 986 2815 inchoanda.
1032 2754 1074 2814 Et
1094 2753 1177 2814 istud
1207 2775 1346 2832 grossum
1372 2755 1527 2835 exemplum

350 2859 525 2920 medullitus
553 2867 745 2939 prosecutum
777 2866 913 2918 moveret
941 2857 1110 2918 racionales
1131 2856 1268 2918 homines
1290 2858 1331 2918 ad
1354 2869 1451 2920 sectas
1470 2859 1529 2918 istas

350 2962 575 3023 racionabiliter
596 2961 783 3039 fugiendum.
1587 3033 1588 3036 Ἴ

436 3064 523 3138 Sunt,
546 3066 680 3145 inquam,
711 3065 770 3124 ista
797 3063 932 3142 orologia
960 3072 1150 3140 sumptuosa,
1183 3063 1254 3143 quia
1282 3063 1424 3126 attendat
1445 3063 1527 3127 homo,
1587 3059 1588 3095 ³

350 3167 500 3247 quidiste
523 3177 604 3229 secte
627 3168 665 3228 dc
687 3167 774 3228 bonis
796 3165 962 3244 reipublice
984 3161 1197 3238 consumunt!
1216 3174 1247 3227 et
1268 3175 1388 3226 tantum
1407 3177 1473 3228 sunt
1491 3179 1559 3225 cort

351 3271 441 3330 clesie
464 3291 588 3331 onerose
611 3279 642 3331 et
663 3269 847 3349 pauperibus
863 3267 953 3328 Cristi
973 3269 1139 3329 secundum
1161 3269 1270 3347 legem,
1294 3289 1387 3349 quam
1409 3269 1469 3348 ipsc
1488 3267 1528 3326 de

351 3374 446 3446 derat,
470 3373 660 3452 dampnifere
683 3383 714 3433 et
736 3371 871 3444 moleste,
895 3371 967 3450 quia
986 3371 1174 3444 elemosinas,
1198 3392 1274 3451 quas
1292 3371 1410 3433 Cristus
1431 3390 1527 3450 paupe-

349 3476 433 3536 ribus
455 3476 515 3536 suis
537 3475 657 3548 limitat,
682 3477 745 3554 ipse
768 3475 901 3553 spoliant
915 3474 1117 3553 sophisticatis
1137 3474 1313 3547 mendaciis,
1336 3485 1367 3535 et
1389 3487 1528 3552 magnatos

351 3579 560 3657 depauperant
582 3599 617 3640 ac
639 3579 720 3657 ipsos
742 3577 928 3636 necessitant
947 3577 986 3637 ad
1004 3597 1153 3658 pauperes
1172 3597 1242 3637 suos
1264 3585 1401 3638 tenentes
1423 3589 1451 3638 et
1470 3573 1528 3635 sub
1586 3653 1587 3659 ἵ

351 3681 429 3741 ditos
451 3681 576 3742 insuetis
599 3681 742 3760 talliagiis
765 3679 961 3740 onerandum.
1534 3693 1558 3737 a·

436 3783 478 3844 Et
499 3785 541 3845 sic
564 3785 678 3863 priores
699 3784 825 3844 istarum
853 3791 1003 3843 sectarum
1030 3802 1188 3856 novarum,
1211 3783 1290 3844 sicut
1313 3794 1344 3843 et
1365 3783 1408 3842 sui
1429 3777 1527 3840 subditi

352 3907 387 3946 ac
410 3907 513 3946 eorum
535 3886 739 3957 consentanei,
763 3894 834 3946 sunt
864 3886 1015 3965 utrimque
1036 3885 1152 3958 stolidi,
1184 3895 1215 3946 et
1245 3885 1339 3946 nichil
1361 3907 1398 3946 ex
1419 3885 1471 3944 hec
1490 3879 1527 3938 lu·

559 4070 574 4110 s
589 4091 618 4122 aa
636 4079 661 4124 to
678 4075 733 4130 ab,
751 4091 788 4137 cp.
809 4073 891 4130 above,
904 4073 949 4120 De
970 4073 1059 4137 tripl.
1082 4073 1164 4121 riae.
1180 4075 1242 4121 Am.
1259 4089 1286 4136 p.
1302 4077 1350 4124 193
1370 4076 1421 4122 acic
1438 4069 1465 4124 lc:
1491 4065 1526 4114 D(

522 4161 654 4209 Fandoc.
674 4161 751 4208 δυσί.
769 4163 814 4218 28,-
834 4159 888 4207 aleo
903 4175 929 4221 p.
952 4161 1012 4218 103,·
1033 4157 1131 4207 Trial.
1144 4161 1194 4209 369

420 4311 431 4340 ⁹
448 4331 493 4362 orn.
504 4315 562 4363 MS.
