3188 5148
336 541 405 584 Lxx
789 521 1082 570 INTBODUCTION.

335 690 385 746 De
402 688 652 746 uniuerselibus
670 687 736 744 cclc
753 691 789 744 15
808 693 862 752 (l).

406 777 579 845 inpugnando
598 792 696 828 errores
713 777 782 827 circe
799 777 966 827 uniuersalis.
995 779 1064 845 finis.
1082 777 1167 843 aperit
1184 791 1362 844 aggressurus.

336 895 388 952 De
406 899 563 964 tempore.

405 985 436 1034 ln
452 983 589 1034 tractando
607 983 639 1034 tle
657 989 781 1048 tempore.
810 983 881 1050 fisis.
900 982 981 1033 liutet
998 981 1306 1049 oracionissuiiragccio.

335 1100 387 1156 De
404 1099 621 1168 responsione
640 1111 744 1167 quere
761 1098 807 1155 in.
823 1099 856 1154 d.
873 1112 904 1165 q.
921 1103 955 1155 et
973 1115 1002 1154 v.

407 1187 548 1238 interulis
566 1187 655 1238 doctor
673 1203 747 1238 mous
763 1188 932 1239 reuerendus.
961 1188 1031 1257 finis.
1050 1189 1176 1240 rscionnli
1194 1195 1221 1240 et
1238 1189 1357 1240 honeste.

335 1305 385 1361 Do
405 1304 669 1362 dimensionibus
686 1308 732 1371 (t)
749 1305 837 1360 teoto
854 1305 891 1360 in
908 1319 1047 1362 romono
1064 1305 1213 1363 ecclesie

407 1413 467 1463 Jcm
485 1411 577 1461 incidit
593 1417 706 1462 tractus
724 1409 757 1459 dc
774 1411 831 1462 ictu.
861 1413 930 1479 fisis.

335 1529 540 1586 Exhortecio
559 1529 735 1585 cuiusdam
752 1529 907 1589 doctoris.

405 1619 509 1668 Labore
524 1618 592 1668 sicut
609 1618 693 1669 bonus
710 1618 792 1668 miles.
821 1621 890 1685 finis.
910 1618 1037 1669 concedet
1054 1619 1173 1668 dominus
1191 1617 1317 1668 ueritatis.

335 1734 384 1790 De
403 1739 479 1792 coto
496 1734 763 1792 beatitudinibus
780 1750 820 1792 ce
838 1739 883 1792 21.

406 1823 481 1874 Licet
497 1830 581 1874 totum
599 1825 780 1890 ewangelium.
810 1829 879 1893 finis.
898 1826 973 1892 qussi
990 1841 1044 1875 une
1061 1825 1094 1875 sit
1111 1824 1206 1874 enimc.

335 1923 385 1979 De
411 1937 564 1980 sermone
590 1923 719 1980 domini
743 1925 781 1980 in
806 1930 920 1982 monte
947 1938 1048 1994 super
1065 1924 1237 1980 Metheum
1262 1929 1295 1980 et
1321 1921 1478 1978 diuiditm
1492 1916 1521 1972 iu

459 2013 618 2076 quettuor
635 2010 740 2068 libros
757 2013 808 2066 θλ

405 2097 480 2147 Licet
498 2095 724 2164 toto'cwengelio.
753 2101 814 2167 finis
827 2105 912 2164 primo
929 2101 1023 2164 partic.
1043 2098 1176 2150 sufficiunt
1193 2115 1239 2166 pro
1256 2097 1379 2164 presenti.

337 2197 493 2254 Secunde
509 2211 587 2266 pers
605 2197 653 2254 sic
670 2197 797 2268 incipit

405 2287 529 2352 Sequitur
546 2303 579 2337 ex
597 2293 672 2338 textu
690 2288 837 2354 euangelii.
867 2291 937 2357 fisis.
955 2289 998 2338 dei
1016 2289 1105 2354 grecie
1122 2303 1236 2354 surgere.

405 2372 521 2438 Explicit
537 2378 663 2423 tractatus
682 2373 715 2423 de
733 2389 852 2425 sunnone
871 2374 968 2425 domiui
985 2373 1013 2423 in
1031 2379 1118 2424 moute

461 2457 560 2508 diuisus
578 2458 605 2508 in
624 2458 688 2510 duos
706 2460 785 2509 libres
803 2460 836 2510 ed
853 2460 1049 2510 similitudinem
1067 2460 1155 2526 scripti
1172 2458 1319 2525 Augustini.

335 2557 475 2615 verolus
491 2558 578 2615 liber
595 2557 643 2614 sio
660 2558 786 2627 incipit

308 2677 314 2697 s
405 2647 540 2713 completo
557 2653 671 2697 tractatu
689 2649 772 2714 primo
790 2649 937 2714 euangelii.
966 2651 1035 2718 fisis.
1053 2664 1106 2698 uon
1124 2653 1296 2714 appetentes
1315 2663 1369 2697 nou
1387 2661 1447 2696 csse.

335 2747 485 2812 Quartus
502 2747 590 2803 liber
607 2747 655 2804 sic
673 2748 801 2817 incipit.

404 2837 511 2887 Dictum
537 2841 578 2886 est
602 2837 729 2902 superius,
747 2837 817 2903 quod
834 2837 930 2888 tercius
948 2843 1080 2887 tractatus.
1110 2838 1178 2905 fisis.
1201 2836 1346 2902 posicicues
1364 2837 1409 2898 (l)
1425 2833 1521 2897 dispulitl

456 2921 535 2971 hcbct
552 2922 722 2989 Augustinus.

336 3021 386 3077 De
402 3021 607 3079 tundecicne
625 3027 790 3080 securum
809 3026 855 3078 16.

404 3109 491 3160 Motus
508 3127 565 3160 eum
581 3127 629 3177 por
646 3112 771 3176 quosdam
789 3112 907 3162 ueritatis
924 3129 948 3162 e.
978 3113 1047 3179 fisis.
1064 3111 1174 3162 ecclesie
1191 3111 1225 3160 sit
1242 3110 1338 3160 oblate.

334 3209 385 3266 De
403 3223 443 3265 eo
460 3209 520 3277 qui
536 3210 573 3266 in
593 3211 748 3280 spiritum
765 3217 919 3268 sunctum
935 3214 1059 3280 peccet.

405 3299 463 3348 Non
481 3305 573 3364 peccat
589 3300 617 3350 in
634 3299 751 3367 spirituus
768 3313 895 3362 sanctum,
913 3307 1012 3366 peccat.
1040 3302 1109 3368 finis.
1127 3299 1201 3349 cuius
1217 3298 1366 3348 huiusmodi
1384 3299 1416 3348 sit
1432 3291 1518 3363 prolati

335 3397 492 3455 Deteocio
509 3399 651 3467 perfidie
667 3405 833 3456 sectemur
850 3400 1046 3457 antichristi.

405 3487 503 3537 Paulus
521 3487 596 3538 dccci
614 3488 679 3555 Eph.
699 3489 744 3540 IV.
774 3489 844 3557 fisis.
865 3495 904 3540 est
921 3489 1024 3555 questio
1042 3487 1178 3539 ventilata.

334 3589 385 3644 De
401 3589 576 3645 mendacio
593 3589 726 3644 tormell
743 3593 796 3654 (t).

407 3678 510 3728 Pseudo
528 3679 620 3728 fratres
638 3683 739 3744 putent.
768 3681 838 3746 fisis.
856 3693 928 3744 greg.
948 3677 1024 3728 curel.
1042 3684 1117 3727 sexta
1135 3677 1161 3726 iu
1179 3676 1238 3726 linc.

335 3776 386 3834 De
403 3775 638 3834 lnocrneclcne
656 3777 751 3833 verbi
767 3778 928 3846 prologus
945 3775 1111 3845 prelibeto
1130 3778 1274 3832 trectetu
1290 3778 1325 3831 et
1342 3779 1457 3832 cetere

406 3865 515 3932 Oportet
540 3873 629 3917 eutem
654 3865 823 3933 spiritualiter
849 3865 988 3916 ulantibus.
1026 3868 1095 3934 ficic.
1127 3864 1225 3915 oisrlcur
1252 3863 1350 3914 domini
1377 3863 1454 3914 nostri
1478 3860 1522 3908 iesu

456 3952 533 4002 cristi.

336 4051 459 4108 Decem
476 4059 510 4109 et
527 4055 602 4108 octo
620 4050 861 4108 conclusiones.

406 4141 537 4192 Protector
554 4140 657 4207 publice
676 4146 706 4190 ut
722 4156 758 4191 sc.
787 4142 857 4209 finis.
877 4157 922 4207 pro
941 4138 1102 4205 eu·engelica
1120 4143 1283 4204 paupertate.
