3248 5138
91 599 149 646 cap.
168 578 234 648 nr]
382 581 437 630 nn
452 580 623 630 nuncio
641 581 692 630 nr
706 581 885 630 nannum
901 582 1000 631 arus.
1228 588 1288 646 367

90 748 263 815 innuitive‘²
292 752 440 834 populum
471 752 653 826 mendicare,
686 773 725 813 ex
755 753 812 814 hoc
844 754 953 826 evidet,
987 755 1068 835 quod
1098 754 1195 816 velint
1216 774 1290 836 pau·

91 877 196 936 peram
228 857 375 937 populum
406 875 501 936 usqua
523 856 563 916 ad
585 857 742 934 egeuoiam
765 877 804 918 ex
826 857 887 916 suis
909 856 1127 936 temporalibus
1149 858 1288 936 spoliare.

91 960 156 1020 Sed
189 960 261 1040 quid
294 967 432 1038 superest
461 959 574 1037 populo
606 958 646 1019 ad
673 959 874 1020 laborandum
906 959 1098 1038 indisposite,
1130 960 1188 1021 nisi
1211 971 1291 1040 post·

91 1063 217 1123 modum
240 1062 430 1122 mendicare?

65 1180 79 1224 ⁵
180 1164 321 1226 Secundo
342 1165 484 1225 videntur
505 1183 544 1224 ex
566 1163 624 1224 hoe
639 1163 718 1224 velle
733 1164 990 1226 mendioacionem
1005 1164 1186 1239 huiusmodi,
1209 1166 1290 1246 quod

90 1268 201 1328 volunt
230 1267 355 1329 iuvenes
386 1267 462 1328 filios
492 1261 656 1327 divitum¹²
678 1276 709 1326 et
730 1277 906 1345 magnatum
928 1267 960 1328 iu
982 1277 1078 1328 artem
1101 1289 1154 1329 sue
1176 1269 1291 1329 mendi-

90 1372 226 1432 cacionis
247 1370 401 1442 inducere,
424 1389 480 1430 neo
502 1368 596 1430 habet
617 1369 737 1429 volucio
759 1391 814 1430 sua
836 1369 926 1431 finem
948 1371 979 1430 iu
1000 1371 1074 1443 istis,
1098 1391 1135 1432 ao
1155 1371 1290 1432 sivelint

90 1483 199 1534 contra
222 1473 376 1533 dominum
399 1492 502 1534 omncs
525 1471 601 1532 alios
623 1471 805 1532 mendicare.

177 1576 221 1636 Et
245 1578 339 1637 tercio
370 1575 490 1637 volucio
520 1575 648 1634 fratrum
680 1593 718 1636 ex
740 1575 798 1636 hoo
819 1576 963 1648 innuitur,
995 1575 1076 1656 quod
1097 1572 1289 1656 imponunt¹³

51 1678 193 1740 roCristo
224 1677 435 1758 blasphemum
467 1677 668 1749 mendacium,
701 1678 782 1756 quod
811 1679 876 1756 ipse
899 1678 1001 1739 taliter
1022 1678 1229 1750 mendicavit,‘
1260 1687 1290 1739 et

89 1802 161 1842 cum
193 1801 297 1841 omnes
329 1781 464 1842 cristiani
494 1778 607 1840 debent
636 1780 720 1860 sequi
754 1779 901 1854 Cristum,
943 1791 1089 1862 quantum
1125 1781 1287 1854 sufficiunt,

88 1883 166 1962 quid
187 1884 327 1956 innuunt,
350 1883 408 1943 nisi
430 1883 511 1962 quod
533 1901 636 1942 omnes
659 1882 792 1944 cristiani
815 1883 960 1944 deberent
981 1884 1083 1945 taliter
1097 1884 1289 1944 mendicare?

178 1985 230 2045 Ex
259 1986 324 2046 istis
355 1995 386 2046 et
407 1985 475 2046 aliis
497 1984 634 2046 dicendis
656 1985 816 2064 colligitur,
849 1987 930 2066 quod
953 1987 1061 2047 fratres
1084 1987 1115 2048 in
1137 1986 1290 2047 mendica·

88 2089 179 2150 oione
203 2088 374 2148 huiusmodi
400 2088 532 2148 induunt
555 2088 761 2149 condicionem
785 2088 918 2168 dyaboli,
951 2090 1022 2169 quia
1045 2089 1152 2150 volunt
1179 2083 1290 2150 illud¹⁴

48 2191 208 2251 tamaium
235 2211 253 2250 a
277 2191 334 2250 deo
355 2189 540 2269 prohibitum
563 2191 659 2252 eciam
682 2190 815 2268 singulos
837 2190 1024 2252 habundare.
1069 2191 1143 2252 Ideo
1166 2191 1289 2272 quidum

87 2294 235 2356 catholici
250 2295 410 2354 coniurant
423 2292 501 2353 tales
515 2292 691 2372 dyabolicos
706 2293 809 2354 taliter
823 2295 1037 2356 mendicantes.
1062 2293 1154 2355 Unde
1170 2294 1288 2366 dicitur,
1379 2305 1387 2322 ·

87 2398 173 2479 quod
196 2397 321 2476 capiunt
343 2417 361 2456 a
384 2395 515 2475 dyabolo
531 2406 611 2456 artes
634 2417 704 2457 suas
726 2396 767 2456 ad
788 2397 1003 2482 perficiendum
1029 2396 1287 2458 mendicacioncm

86 2499 273 2571 huiusmodi,
305 2509 340 2559 ut
360 2498 609 2578 nigromanciam,
640 2499 886 2578 philomenoiam,
918 2494 1092 2571 fitoniam,¹⁵
1116 2499 1287 2577 augurium,

86 2603 275 2682 aruspicium
299 2623 367 2663 cum
391 2603 496 2662 ceteris
517 2602 603 2663 falsis
618 2597 800 2677 a(r)tibus,¹⁶
821 2621 840 2660 a
862 2602 1006 2680 magistro
1027 2601 1179 2662 mendacii
1199 2601 1291 2661 iutro-

46 2722 77 2767 ao
88 2707 201 2767 ductis.

178 2807 352 2870 Secundam
385 2807 590 2868 condicionem
598 2803 623 2840 ¹⁷
656 2806 780 2886 dyaboli
801 2805 916 2867 habent
936 2805 1058 2878 fratres,
1091 2805 1172 2885 quod
1195 2806 1291 2866 extol·

88 2913 198 2972 luntur
225 2931 318 2990 supra
340 2908 481 2983 Cristum,
510 2911 589 2970 siout
610 2910 684 2971 dicit
707 2909 861 2988 apostolus
882 2908 915 2969 Π
937 2909 1041 2970 Thess.
1066 2903 1103 2968 2!
1131 2928 1195 2968 erse
1224 2929 1291 2986 pro·

88 3016 192 3094 prium
225 3013 388 3074 anticristo.
435 3011 550 3073 Oristus
573 3013 652 3073 enim
675 3032 736 3073 uon
758 3012 850 3091 elegit
870 3013 929 3073 uisi
950 3011 1109 3072 duodecim
1136 3011 1291 3091 apostolos

89 3132 120 3177 et
153 3127 258 3176 tamen
288 3135 366 3176 unus
398 3135 500 3175 eorum
531 3115 572 3175 ad
603 3114 809 3176 confusionem
836 3115 987 3196 sequentis
1011 3113 1144 3194 dyaboli,
1176 3114 1293 3175 scilicet

45 3220 187 3280 uoludas
211 3217 359 3290 Scarioth,
386 3219 487 3278 fuerat
508 3218 691 3278 anticristus.
734 3213 924 3298 Numquid¹⁸
947 3218 1107 3290 oredimus,
1130 3215 1239 3277 fratres
1260 3217 1292 3276 in

89 3325 150 3383 isto
174 3342 301 3382 excessu
323 3319 414 3381 Cristi
436 3322 467 3381 in
490 3321 630 3398 eligendo
651 3330 697 3381 tot
718 3322 826 3381 fratres
849 3320 960 3398 eligere
983 3320 1100 3400 aliquos
1121 3319 1292 3380 anticristos

90 3435 123 3486 et
154 3425 199 3486 sic
230 3423 268 3484 de
299 3422 448 3495 domibus,
481 3424 518 3484 de
549 3423 684 3484 vestibus
714 3432 745 3484 st
771 3422 838 3483 aliis
859 3423 982 3483 infinitis
1005 3421 1241 3495 condicionibus,
1274 3442 1293 3483 a

90 3538 180 3608 patre
212 3535 315 3588 nostro
338 3525 436 3587 Cristo
466 3526 516 3585 vel
548 3526 777 3606 superficialiter
799 3546 859 3585 non
880 3524 1024 3596 fundatis,
1055 3525 1088 3584 in
1110 3523 1218 3605 quibus
1239 3545 1294 3604 pu·

90 3641 162 3692 tant
189 3650 254 3692 esse
283 3629 449 3701 laudabile,
481 3637 628 3710 quantum
659 3629 812 3689 excedunt
841 3649 1023 3700 mensuram,
1055 3648 1146 3707 quam
1176 3627 1295 3687 trinitas

45 3751 81 3796 30
92 3732 290 3812 approbaret.
334 3731 378 3792 Et
398 3733 457 3792 ista
478 3731 603 3792 indubie
625 3741 671 3792 est
693 3732 830 3792 condicio
852 3729 976 3810 dyaboli
998 3729 1167 3790 manifesta.

310 3914 324 3946 ⁸
335 3920 361 3967 iu
373 3920 600 3968 contradictiaob'oa
607 3920 674 3982 from
685 3919 884 3973 ‘armaria
895 3934 933 3980 φ.
946 3917 1041 3965 brial.
1051 3921 1098 3968 ³41
1110 3917 1141 3982 ff.
1155 3917 1206 3964 aad
1214 3917 1296 3972 above,

264 4005 380 4071 p.18.'ff
407 4007 504 4067 ‘ratae
512 4021 639 4069 cerycame
648 4005 766 4069 abjectiore
775 4005 800 4052 ia
809 4004 904 4053 Yrtol.
910 4007 969 4061 311,
979 4003 1118 4064 atrocem,
1124 4018 1152 4065 p.
1160 4005 1207 4052 192
1230 3997 1294 4051 saa

168 4174 189 4206 ¹¹
206 4177 316 4226 divitum
326 4173 364 4245 Cfi
398 4176 432 4226 ad
449 4177 574 4225 nutumJ
641 4173 662 4204 ¹⁸
679 4176 815 4240 imponunt
832 4177 858 4223 in
869 4176 893 4223 J
901 4193 918 4223 a
935 4191 1000 4224 corr.
1012 4175 1081 4223 word
1142 4169 1163 4199 ¹⁴
1179 4171 1246 4222 illud
1257 4173 1298 4220 CJ

132 4260 190 4332 idyl
259 4259 281 4290 ¹³
298 4261 456 4312 ffitoniamO
487 4257 648 4330 sittouiamss
675 4261 822 4311 litoniamJ
885 4257 906 4288 ¹⁰
923 4260 1024 4310 actibus
1034 4257 1092 4329 0in
1156 4255 1177 4285 ¹⁷
1194 4261 1220 4307 in
1239 4259 1297 4307 Gir

91 4352 158 4400 add.
176 4351 201 4398 is
218 4365 293 4397 maa:
312 4347 432 4397 Secundo
449 4347 566 4398 condicio
636 4344 657 4374 ¹⁸
674 4346 800 4412 numquid
813 4348 854 4395 CJ
887 4343 1062 4414 numquam&
