3188 5148
823 525 1111 577 INTRODUOTION.

535 703 585 760 De
608 703 757 759 cruciata

533 805 694 874 Dialogus

534 908 707 965 Pastorale

534 1012 608 1067 Due
630 1011 772 1080 epistole

536 1115 586 1171 De
607 1114 759 1182 quinque
781 1113 1014 1181 questionibus

536 1213 585 1273 De
608 1220 735 1286 septem
758 1217 855 1273 donis
877 1216 1017 1284 spiritus
1039 1214 1148 1273 sancti

535 1321 584 1376 De
606 1320 712 1376 uerbo
735 1319 958 1376 communiter
980 1318 1124 1374 dicendo
1145 1318 1237 1374 clero
1259 1320 1294 1374 st
1315 1318 1474 1375 dominis

538 1424 588 1480 De
610 1423 880 1491 prevaricacione
901 1423 1018 1478 decem
1039 1421 1274 1476 mandatorum

534 1527 621 1582 Item
643 1527 685 1581 de
708 1529 839 1582 cantate

534 1629 709 1696 ‘i'rialogus

621 1726 679 1776 Hoc
695 1727 783 1776 omnia
800 1742 853 1776 uno
870 1727 935 1776 libro
952 1726 1054 1791 signato
1074 1727 1105 1775 16
1124 1730 1151 1775 et
1167 1723 1298 1789 theologia
1317 1725 1359 1775 31.

535 1817 620 1872 Item
642 1817 685 1873 de
707 1816 816 1873 officio
838 1817 926 1884 regis
951 1818 990 1871 18

535 1918 667 1976 wiklei
684 1921 727 1976 de
749 1920 901 1976 Ecclesia

535 2023 584 2077 De
606 2022 749 2078 ueritate
771 2035 866 2078 sacre
888 2021 1053 2089 scripture
1078 2023 1117 2076 18

536 2124 727 2192 Registrum
749 2139 853 2193 supra
873 2125 980 2180 libros
1001 2123 1132 2180 wikles
1150 2136 1254 2191 penes
1277 2123 1434 2179 ordinem
1458 2123 1560 2189 alpha·

600 2226 669 2283 bati
693 2229 732 2282 la

536 2331 584 2386 De
607 2330 862 2386 Universalibus

536 2435 584 2489 Da
606 2432 702 2500 ydeis

535 2537 585 2592 De
606 2535 747 2592 materia
769 2539 802 2590 et
823 2537 866 2592 de
886 2535 994 2590 forma

535 2639 584 2694 De
606 2641 756 2706 tempore

536 2742 584 2796 De
607 2741 855 2809 composicione
876 2740 1020 2797 hominis

536 2844 585 2899 De
607 2847 684 2899 ento
705 2843 742 2898 in
763 2843 934 2899 communi
956 2845 986 2900 tc
1007 2841 1213 2912 predicantis

535 2948 621 3002 Item
643 2948 686 3003 de
709 2946 878 3002 attributis

535 3050 620 3105 Item
642 3051 685 3106 de
707 3048 987 3116 ampliaciontbus
1008 3047 1110 3104 huius
1133 3046 1231 3103 uerbi
1252 3049 1285 3102 et

535 3153 630 3208 Idem
651 3153 695 3208 de
716 3166 778 3220 pro
800 3151 942 3207 materia
963 3153 997 3206 et
1019 3149 1191 3206 demodis
1277 3153 1304 3212 Ζ

535 3257 584 3311 De
606 3269 689 3311 uero
710 3258 744 3311 et
765 3254 851 3309 falso
1574 3265 1575 3268 ¹

535 3357 782 3426 Responsionee
805 3356 847 3412 ad
870 3357 1049 3412 occultum.

449 3545 487 3604 In
510 3546 553 3606 tha
574 3545 680 3605 second
695 3546 779 3622 place
801 3549 938 3603 cosmati
959 3543 1092 3602 conada
1114 3541 1158 3602 tite
1180 3541 1309 3600 evidence
1330 3545 1358 3599 tc
1381 3541 1414 3600 be
1432 3533 1558 3616 ytaliae!

364 3649 445 3724 from
469 3649 513 3708 tlte
533 3649 690 3708 incideniai
719 3647 852 3706 remarks
883 3645 1037 3705 contained
1062 3646 1095 3703 in
1121 3663 1203 3704 some
1231 3642 1267 3720 os
1286 3642 1329 3702 ihc
1351 3643 1555 3717 Manacarta-s.

364 3873 438 3932 thaso
468 3871 550 3947 tany
580 3871 747 3930 sometimes
777 3870 811 3928 in
842 3869 885 3928 ihc
914 3869 995 3944 form
1026 3866 1063 3943 of
1089 3887 1108 3926 a
1138 3885 1328 3943 mattoyram,
1360 3884 1395 3924 as
1430 3757 1552 4064 W

365 4099 421 4169 (ses
443 4115 465 4154 e.
485 4115 513 4172 9.
537 4094 597 4153 cod.
614 4095 708 4162 3930,
732 4111 772 4152 oc
794 4092 837 4152 ihc
859 4093 945 4151 iactr
966 4091 1028 4150 sida
1050 4089 1086 4165 of
1104 4089 1147 4149 ihc
1168 4090 1252 4164 froci
1270 4086 1374 4160 cosor),
1397 4089 1556 4148 somet'mcs

364 4197 400 4272 of
417 4199 541 4270 initiate,
564 4216 599 4256 cr
621 4195 664 4254 tho
685 4195 752 4270 first
773 4195 903 4272 syllabas
926 4193 962 4269 os
988 4193 1117 4267 Wiclif’s
1136 4211 1233 4266 stoma,
1256 4191 1328 4250 aucit
1347 4209 1382 4248 as
1396 4191 1425 4250 J.
1445 4191 1499 4251 W..
1513 4186 1552 4245 Jo.

372 4300 486 4375 Wy.‚J.
513 4299 585 4376 Wtq.
610 4298 670 4358 aad
692 4298 885 4373 occasionaliy
906 4297 953 4354 tis
976 4297 1047 4355 titia:
1071 4293 1202 4354 doctoris
1217 4291 1402 4371 ewangelici,
1427 4284 1553 4369 magistri

363 4401 547 4479 ewangelioi.
594 4401 775 4460 Particulars
797 4419 846 4459 ara
865 4401 950 4476 quven
972 4399 1005 4458 itt
1028 4399 1100 4457 liwir
1116 4417 1227 4474 proper
1242 4399 1333 4474 pilos.
