3182 5142
105 565 160 613 cap.
173 545 250 614 arr]
389 548 445 596 ns
463 546 663 611 quarruos
683 546 814 595 sacris
831 546 1028 596 sorsttrs.
1244 548 1306 608 285

105 732 252 783 consonat
277 721 339 800 legi
362 720 461 794 (bisti,
489 731 524 782 ut
545 719 631 780 nobis
659 719 788 792 videtur,
820 719 956 780 homines
978 719 1115 780 occidere
1137 717 1186 779 vel
1208 718 1307 778 incar·

105 844 218 897 cerarc,
243 843 312 885 oum
335 824 402 895 hoc,
427 824 507 904 quod
530 844 569 884 ex
591 823 658 900 lege
680 823 729 884 dei
752 831 875 901 possent
896 821 1002 901 apcius
1025 821 1175 900 castigari.

189 926 265 987 Ideo
297 946 369 1006 sepe
403 927 517 988 dictum
548 935 601 998 est,
635 924 715 1005 quod
737 925 787 985 isti
809 944 953 996 carceres,
984 922 1212 1003 aprincipibus
1236 941 1306 984 con·

105 1024 198 1088 cessi'
220 1029 286 1088 istis
309 1028 473 1103 ordinibus,
495 1028 641 1100 iudicant,
665 1027 745 1108 quod
768 1027 950 1088 declinando
965 1027 1067 1104 alege
1084 1024 1305 1086 Cristisumme

82 1129 244 1190 scivilitatt
274 1132 436 1193 intendunt
467 1140 498 1193 et
527 1132 588 1192 suis
618 1129 762 1192 fratribus
793 1131 910 1190 faciunt
935 1126 1025 1208 sepc⁵
1048 1127 1239 1189 manifestam
1261 1129 1306 1188 in·

105 1233 223 1292 iuriam.
268 1233 343 1294 Idco
373 1233 449 1294 felix
470 1234 549 1294 foret
571 1233 717 1306 condicio,
749 1233 830 1312 quod
856 1233 1008 1312 principes
1029 1231 1304 1292 incarceracionem

105 1331 295 1396 huiusmodi⁶
317 1345 503 1408 revocarent,
527 1356 593 1397 cum
618 1336 801 1396 sufficienter
822 1335 946 1396 aliunde
965 1336 1024 1395 sint
1039 1354 1133 1412 regna
1147 1334 1304 1394 hominum

106 1437 271 1510 camiliccs,
294 1438 367 1498 licet
388 1439 451 1500 sine
473 1439 574 1499 fructu
596 1437 726 1516 religiosi
748 1438 921 1500 huiusmodi
943 1457 982 1498 ex
1003 1437 1082 1498 falsa
1097 1437 1227 1516 ypocrisi
1242 1457 1303 1498 non

105 1536 224 1600 talitcr⁷
248 1541 434 1602 occidantur.

70 1655 97 1696 Μ
191 1640 316 1704 Debent
344 1643 446 1723 itaque
477 1663 580 1704 omnes
610 1641 652 1703 hii
682 1644 754 1704 novi
779 1643 899 1704 ordines
928 1643 1074 1723 imprimis
1097 1639 1303 1722 cognoscere‚⁸

106 1746 188 1825 quod
220 1745 295 1806 deus
321 1745 477 1825 dispensat
506 1755 536 1806 et
561 1746 700 1825 precipit,
729 1747 809 1825 quod
832 1747 896 1807 sine
918 1746 1107 1807 consciencia
1129 1747 1305 1826 dirumpant

107 1848 252 1910 cathenas
283 1848 438 1908 hominum
469 1858 499 1909 et
527 1849 689 1909 intendant
718 1848 812 1909 libere
843 1859 923 1910 secte
946 1844 1062 1909 Cristi.⁹
1079 1858 1089 1918 ΙΙ
1107 1849 1192 1924 Quis,
1220 1869 1302 1927 rogo,

107 1951 163 2011 nisi
194 1951 322 2012 stolidus
352 1951 498 2011 anticristi
528 1951 695 2030 discipulus
725 1951 852 2012 haberet
882 1953 1102 2012 conscienciam
1124 1952 1302 2030 superista,

106 2053 188 2134 quod
219 2053 406 2115 cxcucicndo
438 2073 456 2113 a
486 2073 517 2114 se
539 2062 744 2134 presumptam
767 2054 931 2114 stulticiam
953 2055 1039 2115 vivat
1060 2053 1159 2115 Cristo
1181 2043 1304 2133 placen·

69 2157 172 2218 rtcius
194 2156 361 2218 secundum
384 2155 537 2217 meliorem
559 2157 718 2235 regulam?
747 2156 790 2217 Et
811 2158 853 2217 sic
869 2156 1015 2217 mutando
1030 2166 1133 2216 votum
1149 2157 1181 2216 in
1196 2156 1303 2217 melius

106 2258 223 2319 Cristus
252 2259 416 2338 dispensat,
448 2260 525 2319 sicut
555 2260 712 2339 dispensat
742 2281 811 2320 cum
833 2259 963 2331 homine,
996 2260 1046 2339 qui
1072 2259 1157 2318 vovit
1177 2257 1302 2319 fratrem

106 2381 191 2422 suum
221 2362 358 2423 occidere
386 2373 416 2423 et
442 2361 575 2422 dimittit.
620 2362 796 2424 Habiliores
818 2382 889 2440 ergo
912 2361 950 2422 de
972 2362 1036 2421 istis
1059 2361 1214 2421 ordinibus
1235 2381 1303 2441 pos·

107 2475 174 2526 sent
196 2465 361 2526 secundum
384 2465 513 2526 somnam
535 2465 726 2544 prehabitam
750 2464 868 2525 admitti
891 2464 929 2524 ad
953 2484 1056 2524 curam
1079 2463 1231 2545 parochie,
1259 2464 1302 2524 sic

106 2563 287 2641 videlicet,¹⁰
319 2567 399 2647 quod
431 2575 567 2646 expuant
596 2577 711 2628 vestem
742 2568 862 2627 tortoris
892 2575 923 2627 et
952 2567 1070 2626 larvam
1093 2562 1249 2646 dyaboli¹¹
1272 2575 1304 2627 ct

70 2680 99 2724 9⁰
107 2672 258 2732 instruant
287 2669 433 2750 populum
464 2689 539 2748 pure
570 2670 735 2731 secundum
766 2670 865 2748 legem
896 2669 1008 2730 domini
1038 2669 1109 2730 Iesu
1135 2668 1238 2742 Crista
1269 2670 1302 2729 in

108 2795 165 2854 quo
187 2775 212 2834 si
235 2772 402 2834 defecerint
415 2772 465 2832 vel
480 2773 512 2832 in
527 2773 587 2833 alio
602 2767 761 2852 peccato¹⁹
776 2771 911 2845 notabili,
928 2781 998 2832 sunt
1013 2792 1080 2832 curn
1096 2774 1304 2834 moderamine

107 2876 288 2957 expellendi.

190 2979 233 3039 Et
252 2979 344 3040 istum
366 2987 513 3057 punctum
540 2977 578 3038 de
604 2978 771 3056 prudencia
791 2972 975 3038 rectorum¹³
997 2977 1167 3038 huiusmodi
1190 2977 1302 3039 debent

108 3082 218 3142 domini
249 3101 410 3160 regnorum
441 3089 548 3140 notare
578 3101 613 3140 eo
644 3079 837 3158 diligencius,
871 3099 929 3160 quo
960 3089 1090 3141 rectores
1098 3076 1124 3113 ¹⁴
1154 3081 1200 3141 illi
1230 3091 1301 3142 sunt

71 3191 98 3237 '2⁵
108 3185 190 3263 quasi
212 3184 314 3244 anima
336 3183 451 3263 populo
474 3183 514 3244 ad
534 3183 634 3262 ipsum
655 3182 821 3244 secundum
837 3182 927 3242 deum
943 3190 973 3242 et
987 3181 1138 3243 hominem
1153 3184 1300 3244 instruen-

108 3287 186 3346 dum.
231 3285 323 3346 Tales
353 3295 453 3345 autem
485 3285 603 3347 faciunt
624 3281 805 3364 populum¹⁵
829 3285 1013 3356 cristianum,
1045 3285 1212 3346 excludunt
1233 3306 1300 3366 per·

106 3388 311 3450 turbationem
333 3409 494 3468 regnorum
516 3397 547 3449 et
568 3389 686 3448 faciunt
706 3397 808 3468 partes
834 3408 937 3448 eorum
959 3387 1094 3448 secundu
1117 3389 1299 3450 racionemm

108 3501 137 3551 ct
156 3491 355 3553 humilitatem
379 3491 493 3551 domini
515 3491 707 3552 concordare.

187 3594 252 3655 Alii
275 3604 376 3655 autem
399 3594 437 3654 dc
458 3594 522 3654 istis
545 3593 699 3654 ordinibus
720 3601 846 3673 possunt
868 3613 931 3653 esse
953 3591 1108 3653 inferiores
1130 3593 1298 3672 presbiteri,

71 3695 158 3757 :roam
184 3697 328 3758 iuvenum
358 3697 553 3756 instructores
584 3705 614 3756 et
645 3695 697 3756 alii
719 3704 899 3774 operatores,
931 3696 1097 3756 secundum
1121 3695 1202 3776 quod
1224 3696 1300 3756 deus

171 3880 387 3958 ‘concessiAGp
422 3882 588 3932 concessislt'
656 3879 823 3931 ³s.s.ACE
859 3899 879 3932 s.
898 3882 945 3957 tp
1009 3879 1052 3933 ⁶i.
1071 3882 1169 3957 urcy
1204 3881 1301 3932 ΜΕ

109 3965 301 4020 'miseratur
327 3985 402 4044 ontp
462 3965 708 4042 ⁸cognosereCEp
728 3965 815 4017 'ormA
876 3965 1184 4017 ’indiradd.inmor‚:
1204 3967 1298 4018 Modus

109 4053 239 4105 deserendi
250 4060 349 4105 sectam
358 4051 395 4102 A¹
442 4050 463 4081 ¹⁰
475 4053 629 4103 videlicetc'
655 4053 806 4129 valetAEy
859 4049 878 4080 ¹¹
897 4055 1189 4103 immaturitas:
1208 4053 1298 4120 Cappa

108 4145 165 4188 suut
178 4147 263 4191 vestes
279 4139 383 4190 tortoris
395 4145 422 4189 ct
433 4139 506 4188 larva
517 4137 669 4203 dyaboliA¹
721 4136 743 4167 ¹⁹
760 4145 867 4204 peccato
877 4137 1063 4201 AE,C¹(?)ia
1076 4157 1137 4188 mar.
1163 4140 1250 4205 precio
1261 4141 1297 4215 Cy

111 4221 129 4251 ¹⁸
146 4227 169 4274 is
185 4245 201 4300 p
219 4229 286 4276 there
303 4229 325 4276 is
342 4243 359 4274 a
376 4227 512 4274 correction
530 4225 613 4289 before
632 4230 694 4274 rect.
747 4221 769 4252 ¹⁴
786 4226 977 4300 rectoresAEy
1012 4226 1164 4275 rectiores&
1214 4223 1236 4252 ¹⁶
1252 4242 1298 4290 po—

109 4308 193 4374 pulum
206 4313 278 4362 ΑΘΕ
310 4329 384 4386 trop

1317 1860 1456 1910 ‘oraro
