3248 5138
91 575 146 622 cap.
165 555 214 623 11]
473 558 528 606 nn
544 557 659 606 novis
679 557 841 606 οαοτνισ
847 558 897 605 uo.
1225 558 1285 616 327

91 730 243 791 iusticiam
265 729 297 788 in
318 750 448 809 persona
462 730 595 810 propria,
619 750 688 790 cum
699 729 840 790 faciendo
855 750 887 790 se
900 730 1000 808 ipsum
1014 728 1166 788 hominem
1181 745 1288 806 passus

91 833 151 892 fuit
171 853 226 911 pro
249 841 312 894 toto
335 833 446 894 delicto
474 833 599 893 humani
618 827 756 911 generis,l
778 832 849 912 quia
871 841 968 892 totum
990 831 1092 910 ipsum
1120 829 1288 888 humanum

90 955 186 1012 genus
201 936 367 997 secundum
383 936 495 996 multas
509 945 612 1014 pentes
631 944 662 995 et
677 935 848 1013 specialiter
863 934 1029 995 secundum
1044 931 1287 1012 prothoplastum

90 1034 298 1118 deliquerat!7
342 1037 417 1098 Ideo
439 1047 566 1116 opomet,
597 1038 678 1118 quod
708 1033 840 1116 ipsun1⁷⁸
870 1037 952 1098 idem
983 1035 1149 1097 secundum
1170 1040 1289 1112 pontem

66 1152 145 1200 osne
172 1135 390 1202 condicionis⁷⁹
412 1141 561 1202 contrarie
584 1140 760 1201 satisfaciat.
1158 1173 1159 1176 ν

176 1243 269 1304 Tales
299 1252 370 1304 sunt
398 1244 494 1305 multe
525 1244 680 1305 elidencie
703 1263 742 1303 cx
772 1242 831 1304 fids
858 1242 967 1313 elicito,
985 1248 996 1310 ΙΙ
1012 1261 1051 1300 ex
1073 1239 1182 1321 quibus
1207 1239 1289 1317 eapi-
1302 1252 1311 1300 l:
1325 1250 1441 1299 Μῦθον

91 1367 156 1406 mus
171 1366 191 1406 ο
206 1345 311 1407 divina
327 1347 456 1420 iusticia,
480 1347 560 1428 quod
582 1366 746 1408 consonum
769 1355 822 1418 est,
846 1355 880 1406 ut
901 1353 997 1404 totum
1017 1343 1181 1422 premietur
1195 1361 1288 1422 quun·

93 1447 225 1529 doque⁸⁰
247 1471 302 1530 pro
325 1459 411 1529 perte
433 1459 464 1510 et
485 1470 540 1529 pro
558 1458 644 1527 perte
660 1445 756 1510 clic⁸¹
779 1450 936 1529 puniatur3
960 1455 990 1507 et
1012 1445 1093 1506 istud
1108 1445 1228 1524 eapitur
1249 1465 1287 1504 ex

92 1552 160 1625 fide,
185 1573 246 1632 qua
268 1562 387 1633 oportet
409 1553 533 1614 credere
555 1552 795 1613 communionem
819 1560 1001 1612 sanctorum.

611 1843 697 1902 CAP.
720 1842 760 1901 ΙΙ.

51 2051 80 2096 ιο
224 2053 332 2094 oneum
355 2031 522 2093 secundum
546 2029 715 2109 apostolum
740 2028 810 2090 Gal.
835 2027 961 2088 ultimos
988 2027 1192 2108 unusquisque
1215 2047 1290 2087 onus

89 2156 180 2197 suum
211 2135 354 2215 portabit,
386 2143 417 2194 et
446 2134 567 2195 videtur
596 2134 628 2192 in
658 2132 761 2192 multis
784 2131 904 2192 casibus
927 2131 1040 2191 racioni
1062 2130 1224 2203 dissonum,
1257 2140 1291 2190 ut

88 2259 170 2299 unus
201 2239 344 2318 puniatur
375 2257 430 2315 pro
460 2237 590 2317 reliquo,
622 2236 689 2296 ideo
720 2234 841 2294 videtur
870 2234 1065 2294 tractandum
1096 2232 1221 2292 ulterius
1253 2233 1289 2292 de

86 2341 342 2422 pistSedrticipio.

179 2443 328 2520 Quamvis
354 2444 433 2504 enim
462 2442 572 2506 salvati
600 2449 630 2501 et
659 2435 835 2519 dampnati¹
865 2440 926 2500 sint
953 2459 1048 2499 unum
1072 2457 1167 2515 genus
1198 2436 1290 2497 homi·

52 2564 79 2609 15
89 2568 177 2619 num,
209 2556 240 2607 et
269 2556 372 2606 tamen
402 2545 513 2606 salvati
543 2564 604 2605 non
634 2545 802 2623 puniuntur
830 2543 863 2602 in
893 2542 1005 2620 gaudio
1035 2541 1139 2602 celesti
1165 2560 1220 2619 pro
1246 2560 1290 2600 re

87 2649 203 2730 probis,
227 2669 283 2710 neo
306 2649 463 2728 dampnati
484 2648 517 2708 in
537 2647 656 2707 inferno
671 2646 806 2725 gaudent
820 2644 870 2706 vel
886 2655 957 2706 sunt
970 2638 1100 2706 hilares'
1114 2664 1169 2723 pro
1185 2642 1289 2715 beatis,

307 2848 369 2903 lsee
388 2853 424 2902 II
440 2854 495 2901 Cor.
514 2857 542 2908 5,
562 2857 607 2900 Ιλι
634 2853 784 2922 κρίναντας
801 2854 899 2912 τοῦτο,
920 2846 963 2902 ὅτι
982 2850 1009 2902 εἰ
1027 2845 1068 2912 εἷς
1085 2846 1158 2920 ὑπὲρ
1177 2846 1290 2901 πάντων

265 2935 428 3001 ἀπέθανον,
453 2934 510 3010 ἄρα
535 2938 566 2990 οἱ
584 2934 688 2998 πάντες
710 2933 1007 2994 &nisteron—Rom·
1020 2939 1100 2992 5,19:
1119 2931 1216 3006 ὥσπερ
1234 2933 1289 3008 ηάρ

265 3024 312 3079 διὰ
331 3031 379 3094 της
397 3027 546 3096 παρακοῆς
563 3024 614 3075 τοῦ
634 3020 699 3084 ἑνὸς
712 3018 873 3094 ἀνθρώπου
887 3020 1052 3092 ἁμαρτωλοὶ
1068 3018 1290 3089 κατεστάθησαν

266 3113 297 3165 oc‘
311 3111 424 3174 πολλοὶ,
451 3107 541 3170 οὕτως
568 3111 615 3160 καὶ
640 3106 687 3160 διὰ
710 3111 758 3176 τῆς
774 3106 909 3176 ξῦπακοῆς
926 3111 977 3160 τοῦ
997 3105 1059 3163 ἐνὸς
1083 3105 1189 3159 δίκαιοι
1207 3124 1289 3157 κατα-

266 3195 467 3264 σταθήσονται
480 3196 511 3248 οἰ
521 3194 636 3259 πολλοὶ,
654 3213 676 3244 ο.
690 3199 736 3245 15.-
754 3195 782 3247 σι’
797 3193 852 3269 ηάρ
872 3197 910 3263 τῷ
929 3196 979 3246 τοῦ
1000 3191 1064 3254 ἑνὸς
1081 3189 1291 3264 παραπτώματι

267 3283 298 3336 σι’
317 3283 418 3335 πολλοὶ
446 3278 612 3344 ἀπέθανον,
640 3280 736 3347 πολλῷ
762 3279 870 3350 μᾶλλον
898 3277 913 3348 ἡ
933 3278 1020 3350 χάρις
1042 3282 1093 3332 τοῦ
1114 3280 1192 3332 θεοῦ
1208 3280 1255 3330 καὶ
1275 3275 1289 3342 η

266 3358 362 3440 ὄωρεᾶ
382 3368 412 3421 ἐν
427 3364 525 3438 χάριτι
542 3369 573 3438 τῇ
585 3370 637 3420 τοῦ
651 3364 716 3427 ἑνὸς
729 3363 889 3437 ἀνθρώπου
905 3362 1001 3433 Ἰησοῦ
1014 3363 1147 3436 Χριστοῦ
1166 3365 1207 3425 εἰς
1225 3362 1292 3425 τοῦς

265 3452 389 3516 πολλοῦς
408 3452 628 3524 ἐπορλσσεασονς
647 3453 851 3513 Matiscone:
871 3450 886 3505 ὁ
905 3449 968 3514 οἰὸς
987 3455 1037 3504 τοῦ
1057 3446 1218 3522 ἀνθρώπου
1239 3446 1290 3502 οὐκ

265 3528 356 3608 ἦλθον
381 3538 604 3608 διακονηθῆναι,
631 3533 701 3589 ἀλλὰ
725 3536 896 3605 διακονῆσαι
918 3539 966 3589 κατ’
994 3534 1097 3590 δοῦναι
1124 3533 1172 3603 την
1196 3533 1290 3606 ψυχὴν

267 3623 356 3680 αὐτοῦ
375 3623 477 3696 λύτρον
497 3621 558 3678 ἀντὶ
576 3623 695 3685 πολλῶν,
715 3641 753 3688 την.
771 3623 825 3672 αλια
844 3624 907 3672 Isai-
925 3628 966 3679 53,
985 3629 1030 3681 11,·
1051 3627 1082 3672 19

310 3713 386 3760 CAP.
405 3713 447 3760 II.
490 3715 502 3738 ⁶
519 3729 541 3760 o.
564 3716 588 3767 5,
618 3727 656 3774 cp.
678 3710 732 3757 αλτο
755 3710 775 3757 Ι
790 3709 845 3756 Cor.
864 3713 888 3764 3,
907 3713 935 3758 8:
962 3725 1023 3756 απατ
1046 3711 1146 3772 quisquo
1159 3709 1291 3772 propriam

267 3799 400 3847 mercedem
417 3799 523 3861 accipiet
538 3798 667 3845 τοιτιναλταπ
685 3811 753 3843 ταῦτα
771 3795 878 3843 laborem

163 3984 184 4014 Π
203 3985 399 4052 prothcpnstum
416 3985 632 4059 delinqueratEy
666 3983 872 4049 prothoplastum
890 3981 922 4032 de
940 3979 1100 4050 linqusrctfl
1169 3978 1190 4008 ⁷⁸
1207 3981 1291 4047 ipsum

95 4072 131 4150 βη
174 4074 268 4139 ipscE
346 4067 367 4098 ⁷⁹
385 4071 528 4122 seeundum
546 4077 647 4136 pultem
664 4085 711 4120 sue
728 4065 918 4138 condicionisffl
952 4067 1096 4117 secundum
1113 4082 1187 4116 suam
1205 4067 1291 4116 condi-

94 4160 214 4210 cionisE
249 4158 591 4222 secundumpartemsuam
606 4156 792 4231 condicionisq
852 4150 875 4181 ⁵⁰
892 4167 1034 4202 consonum
1052 4158 1092 4202 est
1108 4169 1134 4202 u.
1147 4159 1164 4203 t.
1178 4169 1201 4218 p.
1220 4170 1245 4219 q.
1255 4149 1291 4228 βη

131 4263 178 4295 οτι.
191 4244 347 4301 sensisse,
359 4245 470 4293 ostada.
483 4243 549 4291 luter
560 4243 634 4292 above
645 4245 745 4291 ι’νιοιαν.
791 4235 813 4268 ⁸¹
831 4237 1070 4308 eliadam-esrom
1082 4238 1146 4288 alies
1175 4238 1292 4312 nliusEy

168 4332 243 4379 CAP.
262 4331 303 4379 II.
341 4328 387 4379 ¹s.
406 4337 432 4379 et
450 4328 527 4403 ‹lEq
563 4327 587 4378 d.
606 4335 633 4377 et
650 4323 698 4396 αβ
766 4321 935 4400 ’λιθατοοβη
971 4322 1111 4387 hylarssE
