<?xml version="1.0" encoding="UTF-8"?>
<!DOCTYPE html PUBLIC "-//W3C//DTD XHTML 1.0 Transitional//EN"
    "http://www.w3.org/TR/xhtml1/DTD/xhtml1-transitional.dtd">
<html xmlns="http://www.w3.org/1999/xhtml" xml:lang="en" lang="en">
 <head>
  <title>
</title>
<meta http-equiv="Content-Type" content="text/html;charset=utf-8" />
  <meta name='ocr-system' content='tesseract 3.04.00' />
  <meta name='ocr-capabilities' content='ocr_page ocr_carea ocr_par ocr_line ocrx_word'/>
</head>
<body>
  <div class='ocr_page' id='page_1' title='image "./johnwiclifspole01wyclgoog_0084.png"; bbox 0 0 3204 5144; ppageno 0'>
   <div class='ocr_carea' id='block_1_1' title="bbox 525 544 812 595">
    <p class='ocr_par' dir='ltr' id='par_1_1' title="bbox 525 544 812 595">
     <span class='ocr_line' id='line_1_1' title="bbox 525 544 812 595; baseline 0 -1"><span class='ocrx_word' id='word_1_1' title='bbox 525 544 812 595; x_wconf 72' lang='lat' dir='ltr'><strong><em>INPRODUOTION.</em></strong></span> 
     </span>
    </p>
   </div>
   <div class='ocr_carea' id='block_1_2' title="bbox 59 712 653 789">
    <p class='ocr_par' dir='ltr' id='par_1_2' title="bbox 59 712 653 789">
     <span class='ocr_line' id='line_1_2' title="bbox 59 712 653 789; baseline 0.012 -20"><span class='ocrx_word' id='word_1_2' title='bbox 59 712 110 772; x_wconf 77' lang='lat' dir='ltr'><strong>lie</strong></span> <span class='ocrx_word' id='word_1_3' title='bbox 130 721 153 774; x_wconf 86' lang='lat'>8</span> <span class='ocrx_word' id='word_1_4' title='bbox 176 721 458 778; x_wconf 76' lang='lat' dir='ltr'><strong>beatitudinibus.</strong></span> <span class='ocrx_word' id='word_1_5' title='bbox 481 734 578 789; x_wconf 83' lang='lat' dir='ltr'><strong>capp.</strong></span> <span class='ocrx_word' id='word_1_6' title='bbox 600 723 653 776; x_wconf 76' lang='lat'><strong>21.</strong></span> 
     </span>
    </p>
   </div>
   <div class='ocr_carea' id='block_1_3' title="bbox 129 795 1057 886">
    <p class='ocr_par' dir='ltr' id='par_1_3' title="bbox 129 795 1057 886">
     <span class='ocr_line' id='line_1_3' title="bbox 129 795 1057 886; baseline 0.003 -20"><span class='ocrx_word' id='word_1_7' title='bbox 129 817 211 868; x_wconf 84' lang='lat' dir='ltr'><strong>Licet</strong></span> <span class='ocrx_word' id='word_1_8' title='bbox 228 824 314 869; x_wconf 85' lang='lat' dir='ltr'><strong>toturn</strong></span> <span class='ocrx_word' id='word_1_9' title='bbox 331 820 506 885; x_wconf 80' lang='lat' dir='ltr'><strong>evangelium.</strong></span> <span class='ocrx_word' id='word_1_10' title='bbox 524 820 594 886; x_wconf 75' lang='lat' dir='ltr'><strong>fiais.</strong></span> <span class='ocrx_word' id='word_1_11' title='bbox 614 818 690 884; x_wconf 83' lang='lat' dir='ltr'><strong>quusi</strong></span> <span class='ocrx_word' id='word_1_12' title='bbox 708 834 762 868; x_wconf 81' lang='lat' dir='ltr'><strong>vna</strong></span> <span class='ocrx_word' id='word_1_13' title='bbox 777 818 811 868; x_wconf 84' lang='lat' dir='ltr'><strong>sit</strong></span> <span class='ocrx_word' id='word_1_14' title='bbox 828 820 922 869; x_wconf 82' lang='lat' dir='ltr'><strong>anima.</strong></span> <span class='ocrx_word' id='word_1_15' title='bbox 1031 795 1057 842; x_wconf 63' lang='lat' dir='ltr'><em>V</em></span> 
     </span>
    </p>
   </div>
   <div class='ocr_carea' id='block_1_4' title="bbox 74 925 1266 1070">
    <p class='ocr_par' dir='ltr' id='par_1_4' title="bbox 74 925 1266 1070">
     <span class='ocr_line' id='line_1_4' title="bbox 74 925 1266 997; baseline 0.007 -19"><span class='ocrx_word' id='word_1_16' title='bbox 74 925 112 980; x_wconf 87' lang='lat' dir='ltr'><strong>De</strong></span> <span class='ocrx_word' id='word_1_17' title='bbox 134 939 296 983; x_wconf 87' lang='lat' dir='ltr'><strong>sermone</strong></span> <span class='ocrx_word' id='word_1_18' title='bbox 308 927 442 983; x_wconf 86' lang='lat' dir='ltr'><strong>Domini</strong></span> <span class='ocrx_word' id='word_1_19' title='bbox 463 927 500 982; x_wconf 88' lang='lat' dir='ltr'><strong>in</strong></span> <span class='ocrx_word' id='word_1_20' title='bbox 520 930 634 982; x_wconf 88' lang='lat' dir='ltr'><strong>monte</strong></span> <span class='ocrx_word' id='word_1_21' title='bbox 656 940 759 995; x_wconf 84' lang='lat' dir='ltr'><strong>super</strong></span> <span class='ocrx_word' id='word_1_22' title='bbox 779 928 874 984; x_wconf 72' lang='lat' dir='ltr'><strong>Matt.</strong></span> <span class='ocrx_word' id='word_1_23' title='bbox 896 931 931 984; x_wconf 91' lang='lat' dir='ltr'><strong>st</strong></span> <span class='ocrx_word' id='word_1_24' title='bbox 952 927 1113 984; x_wconf 82' lang='lat' dir='ltr'><strong>dividitur</strong></span> <span class='ocrx_word' id='word_1_25' title='bbox 1134 929 1170 986; x_wconf 89' lang='lat' dir='ltr'><strong>in</strong></span> <span class='ocrx_word' id='word_1_26' title='bbox 1185 944 1266 997; x_wconf 85' lang='lat' dir='ltr'><strong>qua·</strong></span> 
     </span>
     <span class='ocr_line' id='line_1_5' title="bbox 189 1013 405 1070; baseline 0.005 -2"><span class='ocrx_word' id='word_1_27' title='bbox 189 1017 269 1068; x_wconf 87' lang='lat' dir='ltr'><strong>tuor</strong></span> <span class='ocrx_word' id='word_1_28' title='bbox 290 1013 405 1070; x_wconf 85' lang='lat' dir='ltr'><strong>libros.</strong></span> 
     </span>
    </p>
   </div>
   <div class='ocr_carea' id='block_1_5' title="bbox 76 1109 1267 1763">
    <p class='ocr_par' dir='ltr' id='par_1_5' title="bbox 76 1109 1267 1763">
     <span class='ocr_line' id='line_1_6' title="bbox 135 1109 1220 1178; baseline 0.006 -20"><span class='ocrx_word' id='word_1_29' title='bbox 135 1109 214 1160; x_wconf 87' lang='lat' dir='ltr'><strong>Licet</strong></span> <span class='ocrx_word' id='word_1_30' title='bbox 229 1116 313 1161; x_wconf 86' lang='lat' dir='ltr'><strong>totum</strong></span> <span class='ocrx_word' id='word_1_31' title='bbox 330 1110 512 1176; x_wconf 79' lang='lat' dir='ltr'><strong>ewangelium.</strong></span> <span class='ocrx_word' id='word_1_32' title='bbox 540 1112 602 1178; x_wconf 69' lang='lat' dir='ltr'><strong>fisis</strong></span> <span class='ocrx_word' id='word_1_33' title='bbox 614 1112 697 1174; x_wconf 77' lang='lat' dir='ltr'><strong>prime</strong></span> <span class='ocrx_word' id='word_1_34' title='bbox 711 1113 807 1174; x_wconf 71' lang='lat' dir='ltr'><strong>portis.</strong></span> <span class='ocrx_word' id='word_1_35' title='bbox 825 1110 959 1161; x_wconf 83' lang='lat' dir='ltr'><strong>sufficiunt</strong></span> <span class='ocrx_word' id='word_1_36' title='bbox 975 1127 1021 1178; x_wconf 91' lang='lat' dir='ltr'><strong>pro</strong></span> <span class='ocrx_word' id='word_1_37' title='bbox 1038 1113 1160 1178; x_wconf 77' lang='lat' dir='ltr'><strong>presenti.</strong></span> <span class='ocrx_word' id='word_1_38' title='bbox 1179 1115 1220 1165; x_wconf 83' lang='lat'><strong>62.</strong></span> 
     </span>
     <span class='ocr_line' id='line_1_7' title="bbox 76 1217 543 1287; baseline 0.004 -15"><span class='ocrx_word' id='word_1_39' title='bbox 76 1217 224 1274; x_wconf 77' lang='lat' dir='ltr'><strong>secunda</strong></span> <span class='ocrx_word' id='word_1_40' title='bbox 245 1232 323 1287; x_wconf 82' lang='lat' dir='ltr'><strong>pars</strong></span> <span class='ocrx_word' id='word_1_41' title='bbox 344 1219 394 1276; x_wconf 87' lang='lat' dir='ltr'><strong>sic</strong></span> <span class='ocrx_word' id='word_1_42' title='bbox 415 1217 543 1286; x_wconf 79' lang='lat' dir='ltr'><strong>incipit</strong></span> 
     </span>
     <span class='ocr_line' id='line_1_8' title="bbox 139 1315 1014 1384; baseline 0.001 -18"><span class='ocrx_word' id='word_1_43' title='bbox 139 1315 262 1382; x_wconf 85' lang='lat' dir='ltr'><strong>Sequitur</strong></span> <span class='ocrx_word' id='word_1_44' title='bbox 277 1317 306 1366; x_wconf 90' lang='lat' dir='ltr'><strong>iu</strong></span> <span class='ocrx_word' id='word_1_45' title='bbox 322 1322 396 1374; x_wconf 83' lang='lat' dir='ltr'><strong>textu</strong></span> <span class='ocrx_word' id='word_1_46' title='bbox 413 1316 559 1382; x_wconf 79' lang='lat' dir='ltr'><strong>euangelii.</strong></span> <span class='ocrx_word' id='word_1_47' title='bbox 587 1319 657 1384; x_wconf 76' lang='lat' dir='ltr'><strong>fiais.</strong></span> <span class='ocrx_word' id='word_1_48' title='bbox 677 1331 710 1366; x_wconf 87' lang='lat' dir='ltr'><strong>ex</strong></span> <span class='ocrx_word' id='word_1_49' title='bbox 727 1317 778 1366; x_wconf 89' lang='lat' dir='ltr'><strong>Dei</strong></span> <span class='ocrx_word' id='word_1_50' title='bbox 795 1317 883 1384; x_wconf 76' lang='lat' dir='ltr'><strong>gracia</strong></span> <span class='ocrx_word' id='word_1_51' title='bbox 900 1333 1014 1384; x_wconf 76' lang='lat' dir='ltr'><strong>surgere.</strong></span> 
     </span>
     <span class='ocr_line' id='line_1_9' title="bbox 140 1402 1267 1469; baseline 0.004 -17"><span class='ocrx_word' id='word_1_52' title='bbox 140 1403 254 1469; x_wconf 74' lang='lat' dir='ltr'><strong>Explicit</strong></span> <span class='ocrx_word' id='word_1_53' title='bbox 272 1407 383 1452; x_wconf 78' lang='lat' dir='ltr'><strong>natatus</strong></span> <span class='ocrx_word' id='word_1_54' title='bbox 404 1402 437 1452; x_wconf 87' lang='lat' dir='ltr'><strong>dc</strong></span> <span class='ocrx_word' id='word_1_55' title='bbox 459 1417 578 1452; x_wconf 87' lang='lat' dir='ltr'><strong>sermone</strong></span> <span class='ocrx_word' id='word_1_56' title='bbox 595 1403 701 1452; x_wconf 87' lang='lat' dir='ltr'><strong>Domini</strong></span> <span class='ocrx_word' id='word_1_57' title='bbox 722 1403 748 1452; x_wconf 91' lang='lat' dir='ltr'><strong>in</strong></span> <span class='ocrx_word' id='word_1_58' title='bbox 771 1409 859 1453; x_wconf 86' lang='lat' dir='ltr'><strong>monte</strong></span> <span class='ocrx_word' id='word_1_59' title='bbox 880 1403 979 1454; x_wconf 84' lang='lat' dir='ltr'><strong>divisus</strong></span> <span class='ocrx_word' id='word_1_60' title='bbox 1000 1405 1028 1453; x_wconf 91' lang='lat' dir='ltr'><strong>in</strong></span> <span class='ocrx_word' id='word_1_61' title='bbox 1049 1403 1114 1454; x_wconf 84' lang='lat' dir='ltr'><strong>duos</strong></span> <span class='ocrx_word' id='word_1_62' title='bbox 1135 1404 1215 1456; x_wconf 84' lang='lat' dir='ltr'><strong>libros</strong></span> <span class='ocrx_word' id='word_1_63' title='bbox 1233 1406 1267 1456; x_wconf 84' lang='lat' dir='ltr'><strong>sd</strong></span> 
     </span>
     <span class='ocr_line' id='line_1_10' title="bbox 190 1486 583 1554; baseline 0 -16"><span class='ocrx_word' id='word_1_64' title='bbox 190 1486 314 1538; x_wconf 87' lang='lat' dir='ltr'><strong>similcm¹</strong></span> <span class='ocrx_word' id='word_1_65' title='bbox 332 1488 418 1553; x_wconf 84' lang='lat' dir='ltr'><strong>scripti</strong></span> <span class='ocrx_word' id='word_1_66' title='bbox 435 1488 583 1554; x_wconf 79' lang='lat' dir='ltr'><strong>Augustini.</strong></span> 
     </span>
     <span class='ocr_line' id='line_1_11' title="bbox 83 1595 905 1678; baseline 0.005 -29"><span class='ocrx_word' id='word_1_67' title='bbox 83 1595 210 1652; x_wconf 80' lang='lat' dir='ltr'><strong>&#39;tercius</strong></span> <span class='ocrx_word' id='word_1_68' title='bbox 231 1596 317 1653; x_wconf 84' lang='lat' dir='ltr'><strong>liber</strong></span> <span class='ocrx_word' id='word_1_69' title='bbox 338 1595 388 1652; x_wconf 88' lang='lat' dir='ltr'><strong>sic</strong></span> <span class='ocrx_word' id='word_1_70' title='bbox 408 1595 537 1664; x_wconf 78' lang='lat' dir='ltr'><strong>incipit.</strong></span> <span class='ocrx_word' id='word_1_71' title='bbox 901 1669 905 1678; x_wconf 27' lang='lat'>¹</span> 
     </span>
     <span class='ocr_line' id='line_1_12' title="bbox 143 1693 1176 1763; baseline 0.003 -19"><span class='ocrx_word' id='word_1_72' title='bbox 143 1693 273 1760; x_wconf 77' lang='lat' dir='ltr'><strong>completo</strong></span> <span class='ocrx_word' id='word_1_73' title='bbox 290 1700 402 1744; x_wconf 76' lang='lat' dir='ltr'><strong>tractatu</strong></span> <span class='ocrx_word' id='word_1_74' title='bbox 419 1694 502 1760; x_wconf 88' lang='lat' dir='ltr'><strong>primo</strong></span> <span class='ocrx_word' id='word_1_75' title='bbox 520 1695 666 1760; x_wconf 78' lang='lat' dir='ltr'><strong>euangelii.</strong></span> <span class='ocrx_word' id='word_1_76' title='bbox 695 1696 763 1763; x_wconf 68' lang='lat' dir='ltr'><strong>ficis.</strong></span> <span class='ocrx_word' id='word_1_77' title='bbox 782 1711 835 1745; x_wconf 90' lang='lat' dir='ltr'><strong>non</strong></span> <span class='ocrx_word' id='word_1_78' title='bbox 851 1701 978 1762; x_wconf 75' lang='lat' dir='ltr'><strong>appetent</strong></span> <span class='ocrx_word' id='word_1_79' title='bbox 994 1712 1023 1747; x_wconf 88' lang='lat' dir='ltr'><strong>se</strong></span> <span class='ocrx_word' id='word_1_80' title='bbox 1041 1712 1094 1746; x_wconf 88' lang='lat' dir='ltr'><strong>uon</strong></span> <span class='ocrx_word' id='word_1_81' title='bbox 1111 1712 1176 1748; x_wconf 80' lang='lat' dir='ltr'><strong>esse.</strong></span> 
     </span>
    </p>
   </div>
   <div class='ocr_carea' id='block_1_6' title="bbox 87 1801 1267 2053">
    <p class='ocr_par' dir='ltr' id='par_1_6' title="bbox 87 1801 1267 2053">
     <span class='ocr_line' id='line_1_13' title="bbox 87 1801 549 1869; baseline -0.002 -11"><span class='ocrx_word' id='word_1_82' title='bbox 87 1801 220 1863; x_wconf 73' lang='lat' dir='ltr'><strong>Quartus</strong></span> <span class='ocrx_word' id='word_1_83' title='bbox 240 1803 328 1858; x_wconf 83' lang='lat' dir='ltr'><strong>liber</strong></span> <span class='ocrx_word' id='word_1_84' title='bbox 348 1803 398 1858; x_wconf 85' lang='lat' dir='ltr'><strong>sic</strong></span> <span class='ocrx_word' id='word_1_85' title='bbox 419 1801 549 1869; x_wconf 83' lang='lat' dir='ltr'><strong>incipit.</strong></span> 
     </span>
     <span class='ocr_line' id='line_1_14' title="bbox 145 1900 1267 1970; baseline 0.004 -21"><span class='ocrx_word' id='word_1_86' title='bbox 145 1900 243 1950; x_wconf 84' lang='lat' dir='ltr'><strong>Dictum</strong></span> <span class='ocrx_word' id='word_1_87' title='bbox 270 1906 311 1950; x_wconf 88' lang='lat' dir='ltr'><strong>eet</strong></span> <span class='ocrx_word' id='word_1_88' title='bbox 335 1901 454 1966; x_wconf 83' lang='lat' dir='ltr'><strong>superius</strong></span> <span class='ocrx_word' id='word_1_89' title='bbox 480 1900 550 1966; x_wconf 90' lang='lat' dir='ltr'><strong>quod</strong></span> <span class='ocrx_word' id='word_1_90' title='bbox 575 1901 671 1951; x_wconf 84' lang='lat' dir='ltr'><strong>tercius</strong></span> <span class='ocrx_word' id='word_1_91' title='bbox 696 1906 822 1952; x_wconf 73' lang='lat' dir='ltr'><strong>tractatus</strong></span> <span class='ocrx_word' id='word_1_92' title='bbox 843 1907 890 1953; x_wconf 79' lang='lat' dir='ltr'><strong>est.</strong></span> <span class='ocrx_word' id='word_1_93' title='bbox 919 1904 988 1969; x_wconf 72' lang='lat' dir='ltr'><strong>fiais.</strong></span> <span class='ocrx_word' id='word_1_94' title='bbox 1009 1905 1095 1968; x_wconf 87' lang='lat' dir='ltr'><strong>potius</strong></span> <span class='ocrx_word' id='word_1_95' title='bbox 1116 1903 1267 1970; x_wconf 80' lang='lat' dir='ltr'><strong>disputator.</strong></span> 
     </span>
     <span class='ocr_line' id='line_1_15' title="bbox 194 1985 435 2053; baseline 0.012 -19"><span class='ocrx_word' id='word_1_96' title='bbox 194 1985 248 2036; x_wconf 88' lang='lat' dir='ltr'><strong>Heo</strong></span> <span class='ocrx_word' id='word_1_97' title='bbox 265 1987 435 2053; x_wconf 78' lang='lat' dir='ltr'><strong>Augustinus.</strong></span> 
     </span>
    </p>
   </div>
   <div class='ocr_carea' id='block_1_7' title="bbox 89 2092 1076 2261">
    <p class='ocr_par' dir='ltr' id='par_1_7' title="bbox 89 2092 1076 2261">
     <span class='ocr_line' id='line_1_16' title="bbox 89 2092 737 2164; baseline 0.011 -19"><span class='ocrx_word' id='word_1_98' title='bbox 89 2092 131 2146; x_wconf 81' lang='lat' dir='ltr'><strong>De</strong></span> <span class='ocrx_word' id='word_1_99' title='bbox 149 2093 344 2150; x_wconf 71' lang='lat' dir='ltr'><strong>moncione</strong></span> <span class='ocrx_word' id='word_1_100' title='bbox 366 2097 544 2151; x_wconf 74' lang='lat' dir='ltr'><strong>sectarum</strong></span> <span class='ocrx_word' id='word_1_101' title='bbox 565 2109 662 2164; x_wconf 87' lang='lat' dir='ltr'><strong>capp.</strong></span> <span class='ocrx_word' id='word_1_102' title='bbox 687 2098 737 2152; x_wconf 84' lang='lat'><strong>16.</strong></span> 
     </span>
     <span class='ocr_line' id='line_1_17' title="bbox 149 2190 1076 2261; baseline 0.006 -22"><span class='ocrx_word' id='word_1_103' title='bbox 149 2190 227 2240; x_wconf 80' lang='lat' dir='ltr'><strong>lionis</strong></span> <span class='ocrx_word' id='word_1_104' title='bbox 243 2208 300 2241; x_wconf 86' lang='lat' dir='ltr'><strong>sum</strong></span> <span class='ocrx_word' id='word_1_105' title='bbox 317 2207 365 2258; x_wconf 87' lang='lat' dir='ltr'><strong>per</strong></span> <span class='ocrx_word' id='word_1_106' title='bbox 382 2191 508 2257; x_wconf 81' lang='lat' dir='ltr'><strong>quosdam</strong></span> <span class='ocrx_word' id='word_1_107' title='bbox 526 2194 643 2243; x_wconf 75' lang='lat' dir='ltr'><strong>veritatis</strong></span> <span class='ocrx_word' id='word_1_108' title='bbox 660 2208 684 2243; x_wconf 83' lang='lat' dir='ltr'><strong>a.</strong></span> <span class='ocrx_word' id='word_1_109' title='bbox 713 2196 783 2261; x_wconf 70' lang='lat' dir='ltr'><strong>finis.</strong></span> <span class='ocrx_word' id='word_1_110' title='bbox 803 2194 914 2244; x_wconf 84' lang='lat' dir='ltr'><strong>ecclesia</strong></span> <span class='ocrx_word' id='word_1_111' title='bbox 930 2195 964 2244; x_wconf 87' lang='lat' dir='ltr'><strong>sit</strong></span> <span class='ocrx_word' id='word_1_112' title='bbox 980 2195 1076 2246; x_wconf 79' lang='lat' dir='ltr'><strong>ablata.</strong></span> 
     </span>
    </p>
   </div>
   <div class='ocr_carea' id='block_1_8' title="bbox 97 2295 915 2368">
    <p class='ocr_par' dir='ltr' id='par_1_8' title="bbox 97 2295 915 2368">
     <span class='ocr_line' id='line_1_18' title="bbox 97 2295 915 2368; baseline 0.009 -16"><span class='ocrx_word' id='word_1_113' title='bbox 97 2295 135 2351; x_wconf 83' lang='lat' dir='ltr'><strong>De</strong></span> <span class='ocrx_word' id='word_1_114' title='bbox 153 2312 186 2354; x_wconf 86' lang='lat' dir='ltr'><strong>eo</strong></span> <span class='ocrx_word' id='word_1_115' title='bbox 206 2299 264 2368; x_wconf 87' lang='lat' dir='ltr'><strong>qul</strong></span> <span class='ocrx_word' id='word_1_116' title='bbox 285 2303 403 2356; x_wconf 80' lang='lat' dir='ltr'><strong>contre</strong></span> <span class='ocrx_word' id='word_1_117' title='bbox 424 2300 586 2368; x_wconf 79' lang='lat' dir='ltr'><strong>spiritum</strong></span> <span class='ocrx_word' id='word_1_118' title='bbox 607 2302 766 2358; x_wconf 79' lang='lat' dir='ltr'><strong>Sanctum</strong></span> <span class='ocrx_word' id='word_1_119' title='bbox 787 2307 915 2368; x_wconf 82' lang='lat' dir='ltr'><strong>peccat</strong></span> 
     </span>
    </p>
   </div>
   <div class='ocr_carea' id='block_1_9' title="bbox 150 2395 1270 2550">
    <p class='ocr_par' dir='ltr' id='par_1_9' title="bbox 150 2395 1270 2550">
     <span class='ocr_line' id='line_1_19' title="bbox 150 2395 1270 2470; baseline 0.005 -24"><span class='ocrx_word' id='word_1_120' title='bbox 150 2395 201 2445; x_wconf 89' lang='lat' dir='ltr'><strong>Nou</strong></span> <span class='ocrx_word' id='word_1_121' title='bbox 220 2404 312 2462; x_wconf 81' lang='lat' dir='ltr'><strong>peccat</strong></span> <span class='ocrx_word' id='word_1_122' title='bbox 332 2398 359 2447; x_wconf 91' lang='lat' dir='ltr'><strong>in</strong></span> <span class='ocrx_word' id='word_1_123' title='bbox 380 2396 505 2464; x_wconf 86' lang='lat' dir='ltr'><strong>Spiritum</strong></span> <span class='ocrx_word' id='word_1_124' title='bbox 525 2398 650 2448; x_wconf 82' lang='lat' dir='ltr'><strong>Sanctum</strong></span> <span class='ocrx_word' id='word_1_125' title='bbox 675 2398 709 2448; x_wconf 78' lang='lat' dir='ltr'><strong>ui</strong></span> <span class='ocrx_word' id='word_1_126' title='bbox 736 2414 840 2448; x_wconf 89' lang='lat' dir='ltr'><strong>sensum</strong></span> <span class='ocrx_word' id='word_1_127' title='bbox 869 2415 892 2450; x_wconf 91' lang='lat' dir='ltr'><strong>c.</strong></span> <span class='ocrx_word' id='word_1_128' title='bbox 921 2403 990 2470; x_wconf 73' lang='lat' dir='ltr'><strong>fiais.</strong></span> <span class='ocrx_word' id='word_1_129' title='bbox 1008 2399 1098 2451; x_wconf 72' lang='lat' dir='ltr'><strong>cuius⁹</strong></span> <span class='ocrx_word' id='word_1_130' title='bbox 1124 2401 1270 2452; x_wconf 87' lang='lat' dir='ltr'><strong>huiusmodi</strong></span> 
     </span>
     <span class='ocr_line' id='line_1_20' title="bbox 193 2483 369 2550; baseline 0.011 -18"><span class='ocrx_word' id='word_1_131' title='bbox 193 2489 253 2532; x_wconf 87' lang='lat' dir='ltr'><strong>sunt</strong></span> <span class='ocrx_word' id='word_1_132' title='bbox 268 2483 369 2550; x_wconf 83' lang='lat' dir='ltr'><strong>prelati.</strong></span> 
     </span>
    </p>
   </div>
   <div class='ocr_carea' id='block_1_10' title="bbox 96 2568 889 2741">
    <p class='ocr_par' dir='ltr' id='par_1_10' title="bbox 96 2568 889 2741">
     <span class='ocr_line' id='line_1_21' title="bbox 96 2568 799 2642; baseline 0.013 -19"><span class='ocrx_word' id='word_1_133' title='bbox 96 2568 228 2629; x_wconf 87' lang='lat' dir='ltr'><strong>Deteccio</strong></span> <span class='ocrx_word' id='word_1_134' title='bbox 249 2575 389 2642; x_wconf 82' lang='lat' dir='ltr'><strong>perndie</strong></span> <span class='ocrx_word' id='word_1_135' title='bbox 411 2577 579 2631; x_wconf 77' lang='lat' dir='ltr'><strong>caeterum</strong></span> <span class='ocrx_word' id='word_1_136' title='bbox 600 2574 799 2632; x_wconf 82' lang='lat' dir='ltr'><strong>eutichsisti.</strong></span> 
     </span>
     <span class='ocr_line' id='line_1_22' title="bbox 147 2670 889 2741; baseline 0.009 -23"><span class='ocrx_word' id='word_1_137' title='bbox 147 2670 238 2722; x_wconf 79' lang='lat' dir='ltr'><strong>Paulus</strong></span> <span class='ocrx_word' id='word_1_138' title='bbox 255 2671 332 2722; x_wconf 79' lang='lat' dir='ltr'><strong>(locet</strong></span> <span class='ocrx_word' id='word_1_139' title='bbox 348 2672 415 2738; x_wconf 84' lang='lat' dir='ltr'><strong>Eph.</strong></span> <span class='ocrx_word' id='word_1_140' title='bbox 432 2673 467 2723; x_wconf 91' lang='lat' dir='ltr'><strong>iv.</strong></span> <span class='ocrx_word' id='word_1_141' title='bbox 490 2674 559 2741; x_wconf 71' lang='lat' dir='ltr'><strong>fisis.</strong></span> <span class='ocrx_word' id='word_1_142' title='bbox 577 2681 617 2724; x_wconf 83' lang='lat' dir='ltr'><strong>est</strong></span> <span class='ocrx_word' id='word_1_143' title='bbox 634 2673 735 2739; x_wconf 82' lang='lat' dir='ltr'><strong>questio</strong></span> <span class='ocrx_word' id='word_1_144' title='bbox 752 2673 889 2725; x_wconf 80' lang='lat' dir='ltr'><strong>ventilata.</strong></span> 
     </span>
    </p>
   </div>
   <div class='ocr_carea' id='block_1_11' title="bbox 94 2773 1269 2947">
    <p class='ocr_par' dir='ltr' id='par_1_11' title="bbox 94 2773 1269 2947">
     <span class='ocr_line' id='line_1_23' title="bbox 94 2773 493 2838; baseline 0.02 -8"><span class='ocrx_word' id='word_1_145' title='bbox 94 2773 131 2830; x_wconf 79' lang='lat' dir='ltr'><strong>lle</strong></span> <span class='ocrx_word' id='word_1_146' title='bbox 148 2780 317 2837; x_wconf 85' lang='lat' dir='ltr'><strong>mendacio</strong></span> <span class='ocrx_word' id='word_1_147' title='bbox 338 2779 493 2838; x_wconf 78' lang='lat' dir='ltr'><strong>fratrum.</strong></span> 
     </span>
     <span class='ocr_line' id='line_1_24' title="bbox 146 2875 1269 2947; baseline 0.006 -22"><span class='ocrx_word' id='word_1_148' title='bbox 146 2875 347 2928; x_wconf 80' lang='lat' dir='ltr'><strong>Pseudo-iratres</strong></span> <span class='ocrx_word' id='word_1_149' title='bbox 364 2885 458 2945; x_wconf 80' lang='lat' dir='ltr'><strong>putant</strong></span> <span class='ocrx_word' id='word_1_150' title='bbox 475 2879 545 2944; x_wconf 84' lang='lat' dir='ltr'><strong>quoti</strong></span> <span class='ocrx_word' id='word_1_151' title='bbox 563 2895 615 2928; x_wconf 88' lang='lat' dir='ltr'><strong>non</strong></span> <span class='ocrx_word' id='word_1_152' title='bbox 632 2879 701 2930; x_wconf 89' lang='lat' dir='ltr'><strong>licet.</strong></span> <span class='ocrx_word' id='word_1_153' title='bbox 725 2881 793 2947; x_wconf 75' lang='lat' dir='ltr'><strong>fisis.</strong></span> <span class='ocrx_word' id='word_1_154' title='bbox 811 2880 930 2946; x_wconf 81' lang='lat' dir='ltr'><strong>Gregorii</strong></span> <span class='ocrx_word' id='word_1_155' title='bbox 947 2879 1043 2930; x_wconf 76' lang='lat' dir='ltr'><strong>omelia</strong></span> <span class='ocrx_word' id='word_1_156' title='bbox 1059 2877 1149 2932; x_wconf 68' lang='lat' dir='ltr'><strong>sexte&#39;</strong></span> <span class='ocrx_word' id='word_1_157' title='bbox 1165 2882 1193 2932; x_wconf 89' lang='lat' dir='ltr'><strong>in</strong></span> <span class='ocrx_word' id='word_1_158' title='bbox 1210 2881 1269 2932; x_wconf 85' lang='lat' dir='ltr'><strong>line.</strong></span> 
     </span>
    </p>
   </div>
   <div class='ocr_carea' id='block_1_12' title="bbox 94 2979 1271 3403">
    <p class='ocr_par' dir='ltr' id='par_1_12' title="bbox 94 2979 689 3056">
     <span class='ocr_line' id='line_1_25' title="bbox 94 2979 689 3056; baseline 0.013 -20"><span class='ocrx_word' id='word_1_159' title='bbox 94 2979 131 3036; x_wconf 85' lang='lat' dir='ltr'><strong>De</strong></span> <span class='ocrx_word' id='word_1_160' title='bbox 148 2983 372 3042; x_wconf 73' lang='lat' dir='ltr'><strong>incarnatione</strong></span> <span class='ocrx_word' id='word_1_161' title='bbox 393 2986 500 3044; x_wconf 85' lang='lat' dir='ltr'><strong>Verbi</strong></span> <span class='ocrx_word' id='word_1_162' title='bbox 521 2988 689 3056; x_wconf 73' lang='lat' dir='ltr'><strong>prologus.</strong></span> 
     </span>
    </p>

    <p class='ocr_par' dir='ltr' id='par_1_13' title="bbox 148 3080 529 3150">
     <span class='ocr_line' id='line_1_26' title="bbox 148 3080 529 3150; baseline 0.008 -20"><span class='ocrx_word' id='word_1_163' title='bbox 148 3080 271 3134; x_wconf 68' lang='lat' dir='ltr'><strong>relisae</strong></span> <span class='ocrx_word' id='word_1_164' title='bbox 287 3090 401 3135; x_wconf 74' lang='lat' dir='ltr'><strong>uacum</strong></span> <span class='ocrx_word' id='word_1_165' title='bbox 418 3082 529 3150; x_wconf 71' lang='lat' dir='ltr'><strong>incipit*</strong></span> 
     </span>
    </p>

    <p class='ocr_par' dir='ltr' id='par_1_14' title="bbox 97 3166 1271 3403">
     <span class='ocr_line' id='line_1_27' title="bbox 148 3166 1271 3239; baseline 0.002 -20"><span class='ocrx_word' id='word_1_166' title='bbox 148 3166 211 3228; x_wconf 76' lang='lat' dir='ltr'><strong>Quia</strong></span> <span class='ocrx_word' id='word_1_167' title='bbox 238 3175 326 3220; x_wconf 83' lang='lat' dir='ltr'><strong>sutem</strong></span> <span class='ocrx_word' id='word_1_168' title='bbox 356 3170 525 3236; x_wconf 76' lang='lat' dir='ltr'><strong>spiritualiter</strong></span> <span class='ocrx_word' id='word_1_169' title='bbox 554 3170 693 3221; x_wconf 80' lang='lat' dir='ltr'><strong>viantibus.</strong></span> <span class='ocrx_word' id='word_1_170' title='bbox 731 3173 800 3239; x_wconf 70' lang='lat' dir='ltr'><strong>fiais.</strong></span> <span class='ocrx_word' id='word_1_171' title='bbox 829 3170 946 3223; x_wconf 83' lang='lat' dir='ltr'><strong>eiusdem</strong></span> <span class='ocrx_word' id='word_1_172' title='bbox 972 3172 1078 3224; x_wconf 88' lang='lat' dir='ltr'><strong>Domini</strong></span> <span class='ocrx_word' id='word_1_173' title='bbox 1099 3172 1180 3224; x_wconf 81' lang='lat' dir='ltr'><strong>nostri</strong></span> <span class='ocrx_word' id='word_1_174' title='bbox 1204 3172 1271 3222; x_wconf 85' lang='lat' dir='ltr'><strong>Jesu</strong></span> 
     </span>
     <span class='ocr_line' id='line_1_28' title="bbox 97 3335 613 3403; baseline 0.012 -7"><span class='ocrx_word' id='word_1_175' title='bbox 97 3335 197 3396; x_wconf 76' lang='lat' dir='ltr'><strong>Decem</strong></span> <span class='ocrx_word' id='word_1_176' title='bbox 218 3347 251 3400; x_wconf 89' lang='lat' dir='ltr'><strong>et</strong></span> <span class='ocrx_word' id='word_1_177' title='bbox 270 3349 347 3402; x_wconf 91' lang='lat' dir='ltr'><strong>octo</strong></span> <span class='ocrx_word' id='word_1_178' title='bbox 370 3345 613 3403; x_wconf 86' lang='lat' dir='ltr'><strong>conclusiones.</strong></span> 
     </span>
    </p>
   </div>
   <div class='ocr_carea' id='block_1_13' title="bbox 151 3437 1223 3513">
    <p class='ocr_par' dir='ltr' id='par_1_15' title="bbox 151 3437 1223 3513">
     <span class='ocr_line' id='line_1_29' title="bbox 151 3437 1223 3513; baseline 0.007 -23"><span class='ocrx_word' id='word_1_179' title='bbox 151 3437 272 3493; x_wconf 85' lang='lat' dir='ltr'><strong>Protcstor</strong></span> <span class='ocrx_word' id='word_1_180' title='bbox 287 3444 392 3510; x_wconf 89' lang='lat' dir='ltr'><strong>publice</strong></span> <span class='ocrx_word' id='word_1_181' title='bbox 410 3451 440 3494; x_wconf 87' lang='lat' dir='ltr'><strong>ut</strong></span> <span class='ocrx_word' id='word_1_182' title='bbox 456 3460 518 3511; x_wconf 85' lang='lat' dir='ltr'><strong>sepe</strong></span> <span class='ocrx_word' id='word_1_183' title='bbox 535 3445 608 3495; x_wconf 82' lang='lat' dir='ltr'><strong>alias.</strong></span> <span class='ocrx_word' id='word_1_184' title='bbox 642 3446 712 3513; x_wconf 72' lang='lat' dir='ltr'><strong>fiais.</strong></span> <span class='ocrx_word' id='word_1_185' title='bbox 732 3450 801 3496; x_wconf 79' lang='lat' dir='ltr'><strong>sture</strong></span> <span class='ocrx_word' id='word_1_186' title='bbox 818 3462 864 3512; x_wconf 94' lang='lat' dir='ltr'><strong>prc</strong></span> <span class='ocrx_word' id='word_1_187' title='bbox 882 3444 1043 3512; x_wconf 73' lang='lat' dir='ltr'><strong>euangelica</strong></span> <span class='ocrx_word' id='word_1_188' title='bbox 1059 3453 1223 3513; x_wconf 79' lang='lat' dir='ltr'><strong>paupertate.</strong></span> 
     </span>
    </p>
   </div>
   <div class='ocr_carea' id='block_1_14' title="bbox 102 3538 1270 3719">
    <p class='ocr_par' dir='ltr' id='par_1_16' title="bbox 102 3538 1270 3719">
     <span class='ocr_line' id='line_1_30' title="bbox 102 3538 1270 3624; baseline -0.003 -12"><span class='ocrx_word' id='word_1_189' title='bbox 102 3538 322 3612; x_wconf 54' lang='lat' dir='ltr'><strong>&amp;sponsiones</strong></span> <span class='ocrx_word' id='word_1_190' title='bbox 344 3553 389 3609; x_wconf 85' lang='lat' dir='ltr'><strong>sd</strong></span> <span class='ocrx_word' id='word_1_191' title='bbox 404 3556 601 3620; x_wconf 73' lang='lat' dir='ltr'><strong>argumenta</strong></span> <span class='ocrx_word' id='word_1_192' title='bbox 615 3553 791 3622; x_wconf 85' lang='lat' dir='ltr'><strong>cujusdam</strong></span> <span class='ocrx_word' id='word_1_193' title='bbox 807 3553 911 3609; x_wconf 87' lang='lat' dir='ltr'><strong>emuli</strong></span> <span class='ocrx_word' id='word_1_194' title='bbox 924 3553 1084 3612; x_wconf 85' lang='lat' dir='ltr'><strong>veritstis.</strong></span> <span class='ocrx_word' id='word_1_195' title='bbox 1106 3569 1203 3624; x_wconf 85' lang='lat' dir='ltr'><strong>capp.</strong></span> <span class='ocrx_word' id='word_1_196' title='bbox 1221 3557 1270 3609; x_wconf 84' lang='lat' dir='ltr'><strong>le.</strong></span> 
     </span>
     <span class='ocr_line' id='line_1_31' title="bbox 157 3643 1270 3719; baseline 0.004 -22"><span class='ocrx_word' id='word_1_197' title='bbox 157 3643 257 3704; x_wconf 75' lang='lat' dir='ltr'><strong>Quidam</strong></span> <span class='ocrx_word' id='word_1_198' title='bbox 273 3649 356 3699; x_wconf 85' lang='lat' dir='ltr'><strong>socius</strong></span> <span class='ocrx_word' id='word_1_199' title='bbox 374 3665 453 3714; x_wconf 88' lang='lat' dir='ltr'><strong>quem</strong></span> <span class='ocrx_word' id='word_1_200' title='bbox 471 3666 588 3716; x_wconf 88' lang='lat' dir='ltr'><strong>suppono</strong></span> <span class='ocrx_word' id='word_1_201' title='bbox 606 3665 663 3700; x_wconf 84' lang='lat' dir='ltr'><strong>esee</strong></span> <span class='ocrx_word' id='word_1_202' title='bbox 681 3665 704 3700; x_wconf 90' lang='lat' dir='ltr'><strong>e.</strong></span> <span class='ocrx_word' id='word_1_203' title='bbox 733 3650 802 3718; x_wconf 73' lang='lat' dir='ltr'><strong>fiais.</strong></span> <span class='ocrx_word' id='word_1_204' title='bbox 819 3652 975 3717; x_wconf 76' lang='lat' dir='ltr'><strong>regulariter</strong></span> <span class='ocrx_word' id='word_1_205' title='bbox 995 3652 1058 3702; x_wconf 86' lang='lat' dir='ltr'><strong>cleri</strong></span> <span class='ocrx_word' id='word_1_206' title='bbox 1078 3653 1159 3703; x_wconf 77' lang='lat' dir='ltr'><strong>talem</strong></span> <span class='ocrx_word' id='word_1_207' title='bbox 1177 3653 1270 3719; x_wconf 83' lang='lat' dir='ltr'><strong>legem.</strong></span> 
     </span>
    </p>
   </div>
   <div class='ocr_carea' id='block_1_15' title="bbox 109 3741 1211 3924">
    <p class='ocr_par' dir='ltr' id='par_1_17' title="bbox 109 3741 1211 3924">
     <span class='ocr_line' id='line_1_32' title="bbox 109 3741 1211 3826; baseline 0.01 -20"><span class='ocrx_word' id='word_1_208' title='bbox 109 3741 268 3816; x_wconf 72' lang='lat' dir='ltr'><strong>Responsio</strong></span> <span class='ocrx_word' id='word_1_209' title='bbox 287 3757 331 3813; x_wconf 87' lang='lat' dir='ltr'><strong>ad</strong></span> <span class='ocrx_word' id='word_1_210' title='bbox 351 3758 506 3826; x_wconf 73' lang='lat' dir='ltr'><strong>enguciae</strong></span> <span class='ocrx_word' id='word_1_211' title='bbox 527 3759 743 3815; x_wconf 71' lang='lat' dir='ltr'><strong>monachales</strong></span> <span class='ocrx_word' id='word_1_212' title='bbox 764 3761 881 3814; x_wconf 84' lang='lat' dir='ltr'><strong>contra</strong></span> <span class='ocrx_word' id='word_1_213' title='bbox 902 3762 946 3814; x_wconf 83' lang='lat'><strong>44</strong></span> <span class='ocrx_word' id='word_1_214' title='bbox 966 3761 1211 3817; x_wconf 88' lang='lat' dir='ltr'><strong>conclusiones.</strong></span> 
     </span>
     <span class='ocr_line' id='line_1_33' title="bbox 162 3847 1176 3924; baseline 0.008 -24"><span class='ocrx_word' id='word_1_215' title='bbox 162 3847 259 3908; x_wconf 74' lang='lat' dir='ltr'><strong>Quidam</strong></span> <span class='ocrx_word' id='word_1_216' title='bbox 275 3854 363 3905; x_wconf 84' lang='lat' dir='ltr'><strong>doctor</strong></span> <span class='ocrx_word' id='word_1_217' title='bbox 379 3856 480 3906; x_wconf 79' lang='lat' dir='ltr'><strong>vtinam</strong></span> <span class='ocrx_word' id='word_1_218' title='bbox 498 3857 622 3906; x_wconf 78' lang='lat' dir='ltr'><strong>veritatis.</strong></span> <span class='ocrx_word' id='word_1_219' title='bbox 648 3859 718 3924; x_wconf 72' lang='lat' dir='ltr'><strong>fiais.</strong></span> <span class='ocrx_word' id='word_1_220' title='bbox 738 3855 867 3906; x_wconf 76' lang='lat' dir='ltr'><strong>mendacii</strong></span> <span class='ocrx_word' id='word_1_221' title='bbox 884 3857 1006 3922; x_wconf 82' lang='lat' dir='ltr'><strong>nequicie</strong></span> <span class='ocrx_word' id='word_1_222' title='bbox 1023 3857 1176 3908; x_wconf 85' lang='lat' dir='ltr'><strong>dominetur.</strong></span> 
     </span>
    </p>
   </div>
   <div class='ocr_carea' id='block_1_16' title="bbox 126 3962 1271 4404">
    <p class='ocr_par' dir='ltr' id='par_1_18' title="bbox 126 3962 1271 4404">
     <span class='ocr_line' id='line_1_34' title="bbox 167 3962 602 4041; baseline 0.018 -22"><span class='ocrx_word' id='word_1_223' title='bbox 167 3962 174 3990; x_wconf 91' lang='lat'><strong>¹</strong></span> <span class='ocrx_word' id='word_1_224' title='bbox 189 3969 295 4041; x_wconf 80' lang='lat' dir='ltr'><strong>similem]</strong></span> <span class='ocrx_word' id='word_1_225' title='bbox 312 3975 386 4026; x_wconf 84' lang='lat' dir='ltr'><strong>Read</strong></span> <span class='ocrx_word' id='word_1_226' title='bbox 402 3976 602 4028; x_wconf 73' lang='lat' dir='ltr'><strong>eiorilttudr&#39;aem.</strong></span> 
     </span>
     <span class='ocr_line' id='line_1_35' title="bbox 170 4045 1271 4123; baseline 0.009 -19"><span class='ocrx_word' id='word_1_227' title='bbox 170 4045 179 4074; x_wconf 85' lang='lat'>¹</span> <span class='ocrx_word' id='word_1_228' title='bbox 194 4053 266 4123; x_wconf 80' lang='lat' dir='ltr'><strong>eujus]</strong></span> <span class='ocrx_word' id='word_1_229' title='bbox 289 4058 327 4111; x_wconf 69' lang='lat' dir='ltr'><strong>Oi.</strong></span> <span class='ocrx_word' id='word_1_230' title='bbox 344 4059 399 4110; x_wconf 84' lang='lat' dir='ltr'><strong>MS.</strong></span> <span class='ocrx_word' id='word_1_231' title='bbox 418 4061 491 4112; x_wconf 84' lang='lat' dir='ltr'><strong>Read</strong></span> <span class='ocrx_word' id='word_1_232' title='bbox 515 4077 577 4112; x_wconf 78' lang='lat' dir='ltr'><strong>eum.</strong></span> <span class='ocrx_word' id='word_1_233' title='bbox 612 4061 668 4112; x_wconf 78' lang='lat' dir='ltr'><strong>&#39;llic</strong></span> <span class='ocrx_word' id='word_1_234' title='bbox 690 4078 760 4112; x_wconf 85' lang='lat' dir='ltr'><strong>error</strong></span> <span class='ocrx_word' id='word_1_235' title='bbox 781 4061 829 4112; x_wconf 80' lang='lat' dir='ltr'><strong>lias</strong></span> <span class='ocrx_word' id='word_1_236' title='bbox 846 4062 931 4112; x_wconf 79' lang='lat' dir='ltr'><strong>ericen</strong></span> <span class='ocrx_word' id='word_1_237' title='bbox 948 4063 1014 4113; x_wconf 81' lang='lat' dir='ltr'><strong>from</strong></span> <span class='ocrx_word' id='word_1_238' title='bbox 1031 4063 1076 4114; x_wconf 86' lang='lat' dir='ltr'><strong>the</strong></span> <span class='ocrx_word' id='word_1_239' title='bbox 1092 4066 1167 4114; x_wconf 70' lang='lat' dir='ltr'><strong>tuine</strong></span> <span class='ocrx_word' id='word_1_240' title='bbox 1183 4063 1271 4114; x_wconf 87' lang='lat' dir='ltr'><strong>imme-</strong></span> 
     </span>
     <span class='ocr_line' id='line_1_36' title="bbox 126 4123 339 4212; baseline 0.052 -27"><span class='ocrx_word' id='word_1_241' title='bbox 126 4123 197 4196; x_wconf 58' lang='lat' dir='ltr'><strong>uer.</strong></span> <span class='ocrx_word' id='word_1_242' title='bbox 210 4137 339 4212; x_wconf 70' lang='lat' dir='ltr'><strong>following..</strong></span> 
     </span>
     <span class='ocr_line' id='line_1_37' title="bbox 177 4229 682 4320; baseline 0.014 -26"><span class='ocrx_word' id='word_1_243' title='bbox 177 4229 299 4307; x_wconf 62' lang='lat' dir='ltr'><strong>&#39;esen</strong></span> <span class='ocrx_word' id='word_1_244' title='bbox 313 4241 416 4320; x_wconf 74' lang='lat' dir='ltr'><strong>omem]</strong></span> <span class='ocrx_word' id='word_1_245' title='bbox 429 4248 526 4316; x_wconf 67' lang='lat' dir='ltr'><strong>aegro</strong></span> <span class='ocrx_word' id='word_1_246' title='bbox 543 4235 608 4313; x_wconf 53' lang='grc' dir='ltr'><strong>ὅρια,</strong></span> <span class='ocrx_word' id='word_1_247' title='bbox 626 4249 682 4301; x_wconf 80' lang='lat' dir='ltr'><strong>ns,</strong></span> 
     </span>
     <span class='ocr_line' id='line_1_38' title="bbox 181 4314 1049 4404; baseline 0.014 -28"><span class='ocrx_word' id='word_1_248' title='bbox 181 4314 190 4342; x_wconf 80' lang='lat'><strong><em>⁴</em></strong></span> <span class='ocrx_word' id='word_1_249' title='bbox 204 4321 286 4398; x_wconf 71' lang='lat' dir='ltr'><strong>incipit]</strong></span> <span class='ocrx_word' id='word_1_250' title='bbox 301 4331 358 4382; x_wconf 82' lang='lat' dir='ltr'><strong>&#39;liris</strong></span> <span class='ocrx_word' id='word_1_251' title='bbox 376 4334 444 4384; x_wconf 82' lang='lat' dir='ltr'><strong>word</strong></span> <span class='ocrx_word' id='word_1_252' title='bbox 461 4335 554 4384; x_wconf 84' lang='lat' dir='ltr'><strong>should</strong></span> <span class='ocrx_word' id='word_1_253' title='bbox 571 4335 682 4402; x_wconf 77' lang='lat' dir='ltr'><strong>perhaps</strong></span> <span class='ocrx_word' id='word_1_254' title='bbox 699 4336 767 4386; x_wconf 80' lang='lat' dir='ltr'><strong>have</strong></span> <span class='ocrx_word' id='word_1_255' title='bbox 784 4335 905 4386; x_wconf 82' lang='lat' dir='ltr'><strong>followed</strong></span> <span class='ocrx_word' id='word_1_256' title='bbox 920 4338 1049 4404; x_wconf 60' lang='lat' dir='ltr'><strong>prologus.</strong></span> 
     </span>
    </p>
   </div>
   <div class='ocr_carea' id='block_1_17' title="bbox 0 0 1606 5144">
    <p class='ocr_par' dir='ltr' id='par_1_19' title="bbox 0 0 1606 5144">
     <span class='ocr_line' id='line_1_39' title="bbox 0 0 1606 5144; baseline 0 8"><span class='ocrx_word' id='word_1_257' title='bbox 0 0 1606 5144; x_wconf 95' lang='lat' dir='ltr'><strong> </strong></span> 
     </span>
    </p>
   </div>
  </div>
 </body>
</html>
