3248 5138
108 573 164 619 cap.
187 553 279 622 VIII]
396 556 680 605 PUIIGAI’ORIUM
697 557 843 606 suom,
859 557 1018 607 CHRISTI.
1243 561 1306 619 309

107 739 137 790 et
152 739 281 790 matrem
297 731 468 803 ecclesiam,
492 751 561 791 oum
581 739 740 809 peccatum
757 725 938 790 consensusl
960 750 1037 809 eque
1060 728 1164 790 valeat
1181 739 1307 808 peccato

107 833 207 910 operis
230 845 260 894 et
281 835 320 894 sit
343 834 528 914 aliquociens
549 835 615 912 ipso
648 834 754 893 maius.
799 833 922 894 Fratres
950 833 1042 911 igitur
1067 833 1100 893 in
1121 832 1192 905 boc,
1226 833 1307 912 qnod

107 935 241 1013 diligrmt
270 947 386 997 sectam
416 956 503 997 suam
534 937 688 1015 propriam
714 937 811 1014 magis
840 956 931 1017 quam
959 945 1073 996 sectam
1101 936 1215 996 domini
1236 936 1307 996 Iesu

107 1059 226 1116 puram,
250 1040 411 1100 manifeste
433 1039 579 1111 indicant,
604 1038 685 1118 quod
708 1059 726 1099 a
749 1039 885 1110 caritate,
909 1059 1001 1119 quam
1022 1038 1167 1099 describit
1189 1048 1307 1117 aposto-

86 1141 165 1214 lius,
189 1152 261 1203 sunt
282 1152 431 1220 expertes.
477 1141 610 1203 Etcum
633 1162 757 1202 necesse
780 1143 827 1214 sit,
850 1142 893 1201 sic
912 1142 1085 1202 deficientes
1107 1142 1138 1200 in
1160 1141 1230 1213 fide,
1254 1162 1308 1220 spe

107 1255 138 1304 et
160 1246 287 1306 caritate
309 1246 341 1305 in
363 1245 526 1306 virtutibus
549 1245 616 1305 aliis
644 1252 864 1324 consequenter
885 1244 1021 1317 deficere,
1046 1245 1206 1305 manifeste
1224 1245 1306 1306 vide·

107 1361 163 1420 tur,
189 1348 271 1428 quod
292 1348 370 1409 tales
393 1361 475 1409 secte
497 1357 643 1427 tanquam
666 1346 799 1407 heretice
822 1356 893 1407 sunt
914 1347 1063 1426 neganda.

191 1451 235 1512 Et
265 1452 388 1512 fundari
418 1461 519 1531 potest
549 1452 630 1512 istud
661 1451 830 1528 suffugium
854 1471 893 1510 ex
920 1450 1069 1528 scripturo
1092 1449 1254 1529 multiplici
1277 1462 1307 1512 et

106 1555 265 1615 evidencia
286 1556 425 1616 racionis.
470 1555 550 1615 Nam
577 1553 710 1614 fovendo
732 1552 802 1614 illas
825 1562 859 1613 ut
885 1554 928 1614 sic
950 1553 1072 1614 fovetur
1094 1550 1185 1614 Cristi
1207 1555 1306 1634 prodi·

72 1666 98 1710 1⁰
107 1672 153 1717 tor
168 1664 179 1726 ΙΙ
196 1667 228 1718 et
249 1658 389 1718 inimicus
412 1677 465 1718 sue
488 1657 624 1718 ecclesie.
671 1656 734 1717 Sed
756 1677 814 1736 que
837 1657 947 1717 caritas
970 1657 1084 1717 stetin
1106 1657 1183 1718 isto?
1319 1665 1477 1717 ltu-sotffl

604 1899 690 1957 OAP.
723 1898 802 1957 VIII.

189 2103 240 2164 Ex
263 2104 328 2165 istis
351 2104 513 2182 colligitur,
538 2104 688 2183 quomodo
711 2124 750 2162 ex
773 2104 900 2164 caritate
921 2103 1159 2164 oomnrunicacio
1181 2103 1304 2182 negabi-

104 2220 154 2268 tur
175 2207 240 2268 istis
263 2207 361 2267 sectis.

190 2308 302 2370 Clerici
325 2310 405 2370 enim
427 2330 487 2368 non
510 2307 779 2369 communicabunt
807 2331 876 2369 cum
904 2310 991 2388 ipsis,
1021 2309 1078 2369 nisi
1104 2309 1183 2370 forte
1204 2319 1304 2370 sectas

105 2435 174 2474 suas
206 2413 356 2474 catholice
386 2411 578 2490 reprobando
610 2421 640 2471 et
671 2412 710 2471 ad
738 2433 846 2490 puram
869 2423 984 2473 sectam
1008 2411 1099 2473 Cristi
1121 2412 1304 2491 prudenoiua

71 2515 303 2577 itexhortando

188 2618 294 2680 Activi
317 2627 419 2679 autem
442 2639 501 2678 non
525 2617 638 2678 debent
668 2618 893 2678 communicare
921 2639 990 2679 oum
1017 2618 1105 2698 ipsis,
1138 2619 1196 2679 nisi
1223 2619 1304 2680 bona

105 2724 233 2794 fortune,
258 2742 316 2802 que
339 2729 500 2800 occupant,
525 2721 690 2781 auferendo
713 2729 743 2780 et
761 2719 843 2781 bona
859 2721 1023 2800 corporalis
1048 2722 1213 2783 elemosine
1236 2721 1304 2783 sub-

106 2825 262 2887 trahendo.
307 2823 388 2884 Ymo
412 2824 486 2884 dicit
508 2823 627 2884 celestis
654 2822 873 2902 paranimphus
895 2823 1058 2898 Iohannes,
1083 2827 1135 2904 qui
1154 2825 1234 2886 ultra
1257 2845 1303 2885 ce·

106 2941 183 2989 teros
206 2927 360 3007 apostolos
374 2927 497 3005 regulas
517 2926 623 2986 didicit
639 2925 807 2986 caritatis“:
832 2927 856 2986 si
872 2927 938 3006 quis
952 2928 1038 2988 veuit
1053 2929 1092 2989 ad
1108 2949 1162 2989 vos
1178 2936 1209 2989 et
1223 2929 1303 2988 hanc

70 3041 97 3087 io
106 3031 273 3090 doctrinam
301 3050 361 3089 non
389 3029 490 3100 affert,
524 3027 617 3088 nolite
647 3029 782 3106 recipere
814 3049 883 3089 eum
910 3030 942 3089 in
965 3030 1088 3091 domum
1115 3051 1172 3092 nec
1195 3052 1253 3092 ave
1275 3032 1302 3091 ei

107 3133 249 3193 (fixeritis.
297 3131 358 3207 Qui
380 3132 460 3192 enim
484 3131 596 3191 dixerit
617 3131 662 3190 illi
685 3152 752 3204 ave,
777 3133 981 3193 communicat
995 3133 1136 3213 operibus
1159 3135 1222 3195 eius
1241 3155 1302 3194 rna·

108 3235 201 3314 lignis.
226 3273 268 3282 -
290 3234 333 3295 Et
355 3235 521 3295 concordat
550 3234 632 3294 racio
661 3254 730 3295 cum
756 3235 816 3295 ista
842 3237 1011 3309 sentencia,
1036 3257 1105 3297 cunr
1127 3258 1216 3298 nemo
1239 3237 1302 3316 gla-

108 3338 186 3398 dium
209 3338 395 3398 ministraret
415 3337 572 3410 frenetico,
597 3337 669 3417 quin
693 3358 762 3398 oum
784 3337 838 3398 illo
863 3359 882 3398 a
902 3339 1054 3416 probabili
1076 3361 1108 3401 se
1130 3342 1229 3419 ipsum
1252 3341 1302 3401 vel

108 3441 178 3501 ulios
200 3440 310 3500 fratres
327 3439 487 3512 occideret,
511 3450 541 3500 et
564 3440 607 3499 sic
630 3440 786 3500 consultor
805 3441 844 3501 ad
861 3451 1020 3520 peccatum
1044 3443 1106 3503 tale
1122 3443 1301 3504 consuleret.

73 3556 99 3599 25
109 3541 148 3601 Et
168 3542 224 3603 hec
246 3543 339 3614 racio,
364 3563 457 3622 quare
480 3541 597 3602 Cristus
621 3543 695 3604 dicit
717 3539 892 3622 apostolisl:
917 3565 983 3622 ego,
1008 3566 1082 3624 quos
1105 3567 1183 3620 amo,
1207 3567 1302 3625 arguo

109 3654 137 3704 et
157 3646 281 3723 castigo,
314 3655 345 3705 et
367 3667 436 3705 cum
458 3646 517 3706 ista
540 3646 651 3706 caritas
680 3647 729 3706 dei
752 3645 791 3706 ad
819 3666 923 3707 omnes
954 3669 1058 3710 servos
1089 3671 1171 3722 suos,
1205 3649 1301 3711 eciam

109 3767 178 3825 quos
201 3748 241 3808 ad
263 3747 517 3826 dampnacionem
541 3759 697 3827 preparat,
722 3771 754 3810 se
777 3750 923 3822 extendit,
947 3751 1076 3823 videtur,
1101 3753 1182 3831 quod
1204 3753 1302 3814 fidelis

109 3849 137 3907 in
159 3848 256 3910 Cristo
278 3850 446 3911 secundum
468 3851 559 3911 istam
581 3852 710 3912 formam
734 3852 875 3930 diligeret
896 3853 969 3913 istas
991 3863 1098 3914 sectas.

189 3951 326 4013 Dileocio
364 3953 485 4032 quidem
522 3954 689 4014 secundum
726 3956 855 4015 formam
899 3956 1053 4034 duplicem
1091 3978 1123 4017 se
1160 3959 1300 4020 ostendit.

317 4153 328 4184 ⁶
345 4174 374 4204 cr
392 4161 416 4204 to
434 4158 474 4206 tle
490 4159 538 4224 five
555 4159 634 4220 forms
652 4159 684 4221 os
697 4164 785 4215 assent,
803 4177 840 4222 cp.
859 4160 933 4208 above
948 4161 994 4208 De
1012 4163 1105 4212 Fuud.
1124 4164 1200 4212 Sect.
1213 4181 1241 4227 p.
1255 4168 1300 4222 19,-

275 4241 393 4290 Mattbew
412 4246 461 4291 419
480 4244 530 4291 and
548 4247 611 4300 5995
630 4243 743 4300 metor,
760 4245 808 4292 De
828 4247 890 4309 Off.
908 4247 991 4295 Part.
1007 4253 1037 4298 15

318 4329 393 4376 ΟΑΡ.
416 4327 500 4376 VIII.
534 4332 546 4355 ⁴¹
564 4346 601 4392 φ.
620 4329 657 4377 ΙΙ
672 4331 740 4377 John
758 4335 855 4380 10-11
927 4328 1117 4396 ὁομΑροΙτιιί.
1136 4339 1209 4392 3,19
