3248 5138
345 543 407 599 314
770 537 963 586 JOEANMS
986 537 1125 593 WICLIF,
1395 535 1453 602 [cap.
1468 538 1517 586 ,ΠΙ

271 711 273 718 ⁴
344 710 517 771 sacerdotes
539 710 625 771 scioli
647 710 717 789 plus
739 721 936 790 sequerentur
957 710 1053 770 vitam
1075 710 1275 789 apostolicam
1296 709 1517 788 ewangetinndo

346 812 446 874 debite
468 814 533 874 sine
554 813 766 874 iurisdiccione
788 812 838 873 vel
859 813 1059 893 possessione,
1082 814 1254 894 quemodo
1276 813 1396 874 adiacet
1415 811 1518 890 prelatis

345 915 481 988 ecclesie,
506 935 598 996 quam
620 916 770 995 prelacias
791 916 866 976 istas
888 935 1028 977 cesareae
1043 917 1241 995 acceptando.
1287 915 1443 991 Quomodo
1462 935 1520 992 ergo

345 1019 469 1079 salvant
490 1039 561 1080 suas
584 1019 802 1091 conscienciae,
835 1018 991 1080 meliorem
1022 1029 1134 1080 statum
1165 1027 1229 1080 tam
1250 1017 1420 1080 vecorditer
1438 1017 1520 1077 dimit·

345 1122 455 1182 tendo?
478 1121 520 1182 Et
542 1123 584 1184 sic
607 1141 734 1201 persone
757 1121 882 1182 istarum
905 1115 1067 1195 sectarum,
1090 1123 1163 1182 dum
1185 1131 1257 1182 sunt
1278 1120 1405 1192 habiles,
1427 1119 1551 1180 debente

346 1225 489 1303 compelli
514 1226 598 1286 exire
621 1225 676 1285 hos
699 1224 819 1286 ordines
851 1235 882 1285 et
906 1226 1020 1287 intrare
1048 1235 1163 1286 sectam
1185 1224 1314 1286 liberam
1337 1224 1448 1285 domini
1466 1222 1522 1282 Iesu

346 1325 446 1388 Oristi.
469 1366 512 1375 —
535 1328 586 1388 Ad
609 1328 691 1408 quod
713 1327 844 1388 multum
866 1329 1031 1407 prodesset,
1056 1329 1137 1408 quod
1160 1337 1242 1389 secte
1264 1328 1321 1388 iste
1348 1327 1445 1388 forent
1464 1347 1525 1405 pure

346 1432 583 1510 exproprieturie
605 1440 636 1491 et
663 1453 733 1510 non¹
752 1432 831 1492 cecis
858 1431 1030 1491 elemosinis
1061 1430 1228 1491 defensate.
1272 1430 1360 1491 Tunc
1387 1430 1462 1490 enim
1485 1449 1525 1488 ne·

347 1533 487 1594 cessitate
517 1534 618 1594 forent
647 1535 761 1595 intrare
793 1553 901 1612 puram
932 1543 1047 1594 sectam
1076 1533 1191 1594 domini
1212 1533 1282 1594 Iesu
1306 1531 1411 1604 Cristi,
1442 1544 1469 1592 et
1491 1533 1525 1591 ita
1594 1507 1595 1542 i

347 1635 476 1708 videtur,
500 1637 652 1697 seculares
675 1637 813 1697 dominos
833 1645 864 1697 et
879 1637 1015 1697 infideles
1035 1636 1161 1697 clericos
1175 1636 1314 1697 resistere
1336 1634 1436 1696 verbis
1451 1634 1525 1696 Crini
1535 1645 1555 1687 Μ

346 1737 422 1798 Luc.
449 1744 497 1810 14,
531 1741 652 1819 quando
683 1735 824 1800 diciturl:
857 1739 901 1800 ait
931 1739 1071 1800 dominus
1099 1759 1186 1799 servo
1209 1759 1278 1799 suo:
1301 1739 1352 1799 exi
1374 1739 1406 1798 in
1425 1739 1485 1798 viss
1504 1748 1526 1796 et

348 1861 434 1918 sepes
457 1850 488 1902 et
514 1843 663 1921 compelle
685 1843 812 1914 intrare,
842 1851 877 1902 ut
896 1841 1061 1920 impleatur
1083 1842 1191 1902 domus
1213 1862 1290 1902 msa.
1337 1840 1416 1902 Cum
1441 1849 1527 1901 nutem
1595 1889 1596 1898 ,

347 1951 418 2003 sunt
440 1945 489 2004 vie
504 1946 560 2006 iste
574 1946 769 2006 infidelitates
791 1945 950 2024 gentilium
972 1955 1003 2005 et
1021 1965 1108 2023 sepes
1131 1954 1202 2004 sunt
1215 1943 1379 2023 religiones
1400 1946 1526 2024 private‘.

347 2045 403 2108 iste
426 2047 486 2107 due
508 2057 623 2126 partes,
659 2069 717 2129 que
748 2048 862 2109 debent
892 2068 957 2109 esse
985 2069 1064 2108 unus
1087 2067 1193 2109 servus
1214 2047 1339 2120 domini,
1364 2048 1441 2108 sicut
1459 2046 1527 2104 unite

348 2148 461 2210 debent
483 2171 676 2224 concurrere,
706 2161 740 2211 ut
766 2151 924 2230 perficiant
954 2150 1012 2211 hoc
1043 2151 1236 2222 mandatum,
1269 2171 1331 2212 non
1359 2149 1526 2228 compellunt
1535 2155 1555 2198 ¹⁵

194 2246 284 2294 ΝΜ·
298 2249 335 2284 ⁵¹¹¹
350 2252 461 2314 intrare
484 2253 563 2314 hanc
586 2264 701 2314 sectam
724 2252 828 2328 Oristi,
861 2254 914 2314 sed
937 2274 992 2331 per
1022 2253 1159 2315 cautelas
1189 2253 1314 2332 dyaboli
1342 2251 1513 2331 compellunt
1596 2259 1597 2262 ’

349 2358 441 2418 exire.

434 2461 477 2521 Et
498 2461 557 2520 ista
579 2469 626 2520 est
640 2479 742 2532 causa,
759 2479 853 2538 quare
868 2460 911 2520 sio
927 2458 1019 2520 Cristi
1034 2458 1164 2520 ecclesia
1178 2458 1355 2532 minoratur,
1379 2467 1410 2518 et
1423 2456 1527 2518 omnino

350 2583 429 2643 pape
452 2573 482 2624 et
503 2563 613 2641 prelati
629 2563 742 2622 cesarei
765 2560 879 2623 debent
900 2561 1042 2641 compelli
1066 2561 1106 2623 ad
1128 2562 1218 2622 istum
1241 2561 1397 2622 introitum
1419 2580 1469 2639 per
1487 2558 1528 2617 do·
1597 2565 1598 2632 l

350 2666 446 2727 minos
469 2666 629 2726 seculares.
1535 2667 1558 2712 2¹⁰
1597 2635 1598 2674 l

858 2906 944 2965 GAI'.
969 2905 1042 2964 XII.

436 3116 479 3176 Et
500 3116 549 3177 hic
573 3113 734 3172 mussitant
756 3111 907 3183 infideles,
936 3109 961 3170 si
988 3109 1129 3170 sacerdos
1152 3118 1308 3188 promotus
1332 3109 1372 3170 ad
1395 3109 1529 3187 episcopu-

351 3231 416 3282 tum
439 3237 595 3280 cesaroum
617 3214 725 3293 recipit
747 3234 860 3274 novum
883 3213 1029 3274 ordinem.
1074 3212 1116 3272 Et
1138 3213 1267 3283 ridetur,
1300 3213 1382 3290 quod
1403 3211 1457 3284 sic,
1477 3219 1529 3268 tum

352 3325 424 3406 quia
445 3343 527 3403 papa
548 3318 722 3398 recipiendo
745 3327 891 3396 papatum
906 3316 1015 3394 recipit
1036 3335 1148 3376 novum
1169 3314 1315 3388 ordinem,
1339 3323 1404 3374 tum
1426 3311 1529 3390 etquis

352 3426 448 3489 verba
469 3421 655 3506 pontificalis
677 3421 735 3481 hoo
758 3420 933 3499 exprimunt
950 3419 1029 3479 sicut
1050 3419 1083 3478 in
1097 3417 1164 3478 aliis
1188 3416 1353 3478 ordinibus.
1399 3415 1438 3474 Et
1457 3413 1530 3473 aliter

352 3539 454 3610 posset
476 3525 604 3610 quilibet
625 3524 767 3585 sacerdos
798 3523 863 3583 sine
889 3542 970 3583 nova
1000 3521 1233 3583 consecracione
1260 3539 1409 3599 occupare
1434 3516 1559 3595 opino-u

352 3644 458 3713 patum
481 3640 512 3692 et
534 3638 680 3708 papatum
705 3637 735 3687 et
757 3625 912 3704 peridem
936 3645 954 3685 a
976 3632 1059 3684 statu
1081 3621 1184 3684 laicali
1206 3623 1302 3700 possit
1324 3621 1481 3682 ascendere
1499 3615 1529 3675 nd

353 3735 487 3796 officium
510 3732 684 3794 sacerdotis.
731 3728 793 3790 Sed
816 3727 868 3788 ubi
890 3728 991 3788 forent
1013 3735 1086 3787 tunc
1109 3736 1226 3804 septem
1248 3733 1449 3796 sacramenta,
1475 3739 1529 3782 euro

353 3839 392 3899 sit
413 3835 617 3898 necessarium
641 3833 776 3894 ordinem
799 3852 865 3892 esse
883 3831 995 3891 unum?

439 3956 476 4016 In
504 3955 674 4035 oppositum
707 3951 828 4012 videtur
850 3950 1070 4028 Hieronymus,
1099 3949 1150 4028 qui
1172 3947 1260 4021 dicit,
1289 3957 1323 4007 ut
1350 3947 1485 4007 recitatur
1506 3943 1529 3999 in

568 4191 578 4221 '³
596 4211 617 4242 o.
630 4197 660 4242 Pl
715 4196 724 4218 ⁶
742 4207 770 4239 aa
789 4196 813 4239 to
832 4191 879 4238 tlte
897 4193 958 4238 tem
975 4189 1052 4235 solut
1068 4187 1104 4235 W.
1122 4186 1261 4251 frequently
1278 4185 1375 4250 applica
1385 4189 1409 4232 to
1420 4183 1456 4230 tte
1467 4179 1527 4225 Seth·

525 4297 562 4342 cp.
581 4279 655 4328 abore
672 4279 717 4326 De
731 4278 800 4326 Ord.
814 4277 899 4324 Frat.
914 4292 942 4339 p.
956 4277 1004 4324 109
1023 4274 1074 4322 aad
1090 4274 1135 4321 De
1151 4289 1211 4320 noo.
1225 4273 1331 4320 Praec.
1344 4269 1438 4320 Mauri.
1452 4282 1475 4328 p.
1489 4263 1525 4310 idi
