3188 5148
496 547 540 594 IN
542 546 637 595 TROD
644 546 782 595 UCTION.
1119 565 1238 608 LXXVII

44 718 209 774 Secundus
231 718 319 775 liber
341 719 389 776 sic
410 720 540 790 incipit.

102 816 229 882 Sequitur
246 816 273 866 in
291 823 365 868 textu
382 819 529 886 euangelii.
558 819 627 888 fisis.

43 923 166 980 l'srtlns
188 926 354 982 tractatus
376 927 425 982 sic
446 926 575 996 incipit.

104 1021 240 1088 Complcto
257 1029 370 1074 tractatu
387 1025 478 1092 primo.
507 1027 575 1093 fisis.
593 1040 646 1076 non
663 1030 833 1092 appetentes
850 1041 903 1076 non
921 1041 986 1076 esse.

44 1130 181 1192 Quartus
203 1129 294 1187 liber
316 1131 365 1188 sic
386 1131 516 1201 incipit.

104 1227 209 1278 Dictum
227 1235 269 1279 cst
285 1231 412 1296 superius.

44 1335 86 1390 ils
105 1334 311 1394 hindacions
332 1340 508 1394 sectarunt.
532 1351 629 1407 capp.
652 1342 682 1394 6.

105 1434 188 1484 Motus
205 1451 266 1484 sum
283 1451 330 1502 per
347 1436 481 1501 quosdam.
510 1439 579 1504 fiais.
599 1436 710 1487 ecclesia
727 1436 760 1486 sit
777 1435 873 1486 ablata.

46 1542 88 1596 De
107 1555 144 1597 so
165 1541 227 1609 qni
250 1546 368 1599 contra
389 1544 550 1613 spiritum
572 1545 731 1600 sonetum
752 1546 904 1612 peccant.

105 1639 161 1688 Non
176 1647 273 1705 peccat
289 1641 316 1691 in
334 1641 465 1708 Spiritum.
493 1644 561 1710 finis.
579 1642 653 1693 cuius
671 1641 818 1692 huiusmodi
835 1648 896 1692 sunt
913 1641 1015 1708 prelati.

47 1746 190 1803 notescio
211 1747 354 1816 perfidis
375 1753 544 1806 sectorum
565 1749 763 1806 antichristi.

106 1845 199 1896 Paulus
217 1846 295 1896 docet
311 1847 378 1914 Epir.
396 1848 431 1899 iv.
459 1850 528 1916 finis.
547 1855 586 1900 cst
603 1848 704 1914 questio
722 1847 858 1898 ventilata.

50 1951 90 2006 Ila
108 1953 281 2010 mendacio
302 1953 454 2012 irstnim.

107 2051 204 2102 Pseudo
222 2052 323 2103 iratres.
352 2055 423 2121 (intr.
443 2053 562 2121 Gregorii
580 2051 691 2104 omelia¹
709 2058 784 2103 sexta
802 2052 830 2102 in
846 2051 907 2104 iius.

51 2155 91 2210 Do
110 2157 341 2218 incernaoione
362 2162 456 2219 verbi
477 2162 647 2231 prologus.

109 2255 233 2308 Prelibato
251 2263 371 2310 tractatu.
400 2262 468 2327 finis.
485 2259 560 2310 ciuus
577 2259 684 2309 Domini
701 2259 782 2310 nostri
799 2259 866 2309 Jesu
884 2257 984 2308 Christi.

54 2360 151 2418 xvm
171 2365 415 2423 conclusiones.

109 2461 232 2512 Protector
249 2463 362 2528 publice.
390 2467 458 2532 fisis.
476 2470 545 2514 stare
562 2480 608 2530 pro
627 2464 788 2530 euangelica
805 2469 968 2530 paupertate.

56 2564 282 2635 Responsiones
304 2572 348 2627 sd
364 2573 561 2640 argumenta
575 2571 753 2640 crdnsdam
768 2571 872 2628 emuli
886 2569 1044 2627 veritatis.
1067 2584 1164 2639 capp.
1183 2574 1233 2628 18.

111 2667 172 2726 Quia
187 2669 271 2718 socius
289 2669 413 2733 quoniam
430 2685 504 2736 supp.
534 2671 602 2737 finis.
621 2669 776 2736 regulariter
792 2668 873 2719 talem
890 2669 985 2735 legem.

59 2768 222 2841 &mensio
244 2777 288 2832 sd
312 2776 465 2845 srgucias
485 2777 703 2833 monachales
725 2778 759 2833 st
779 2778 824 2831 44
845 2776 1089 2833 conclusiones.

112 2871 214 2932 Quidam
232 2874 322 2925 doctor
339 2875 446 2924 vtinam.
474 2876 544 2942 fiais.
565 2873 694 2924 mendacii
712 2874 834 2940 nequicia
851 2873 1006 2924 dominetur.

60 2971 281 3044 Responsionss
302 2982 347 3038 sd
369 2984 565 3051 arguments
587 2981 762 3050 Budolphi
783 2985 817 3038 et
838 2983 962 3040 strode.

113 3075 172 3136 Quia
188 3079 330 3130 secundum
347 3079 537 3147 philosophum.
566 3082 635 3147 fiais.
653 3080 736 3130 tocius
755 3079 865 3130 ecclesie
882 3080 981 3131 cautiui
998 3081 1079 3143 (ric).

61 3176 99 3234 De
117 3183 238 3244 Amore.

113 3279 214 3340 Quidam
230 3284 315 3337 fidelis
331 3285 358 3336 in
377 3287 496 3336 Domino.
526 3287 595 3354 fisis.
615 3285 719 3336 mucrio
737 3285 933 3352 dirrumpamus.

62 3381 99 3438 Ds
116 3391 310 3450 salutacione
332 3394 493 3461 angelice.

115 3486 228 3546 Quamvis
245 3497 333 3542 sutem
350 3491 485 3542 salutacio.
514 3493 583 3558 finis.
601 3506 658 3541 rose
677 3490 877 3557 proprietatibus
895 3491 1073 3542 senciendum.

63 3583 100 3642 ΒΘ
117 3597 263 3658 sedibus
284 3599 377 3656 cleri.

116 3689 203 3751 Quibus
219 3695 341 3747 sectslsris
358 3697 461 3763 probus.
489 3698 560 3763 finis.
580 3695 757 3762 multipliciter
774 3695 849 3746 illum
866 3697 1000 3747 mundum.

65 3789 101 3847 ΒΘ
118 3797 310 3860 dioecnslmie
332 3817 505 3872 paparum.

117 3893 175 3955 Quia
190 3899 236 3950 ists
252 3909 414 3952 monstruosa
430 3901 477 3952 dis.
506 3902 574 3969 finis.
592 3909 632 3952 est
649 3901 675 3951 in
693 3901 793 3952 clericis
810 3903 863 3952 ism
880 3905 1017 3969 peruersis.

67 3991 103 4051 De
120 4008 263 4076 veneciis
284 4009 482 4066 antichristi.

119 4099 228 4158 Quamuis
244 4107 361 4158 diabolus
379 4123 412 4158 ex
428 4107 550 4158 naturali.
578 4109 648 4175 fisis.

124 4316 242 4390 ‘Gregorii
258 4330 356 4396 omelia]
375 4333 456 4396 gregis
474 4315 538 4394 och,
557 4333 608 4382 MS.
