3248 5138
339 535 400 594 310
761 519 954 570 Jonsmus
978 519 1119 576 aaronis,
1374 518 1433 585 [ap.
1452 521 1511 570 rm

340 702 482 779 Quodam
504 709 607 760 autem
630 707 675 758 est
697 694 863 774 spiritualis
885 693 1013 754 dileooio
1041 701 1071 753 et
1093 693 1224 772 quedam
1248 693 1375 755 dileccio
1397 715 1512 774 corpora·

338 806 385 866 lis.
409 841 446 850 —
474 801 646 882 Spiritualis
675 798 803 860 dileccio
833 796 967 858 maxime
991 795 1128 856 consistit
1153 797 1185 856 in
1206 797 1359 875 spirituali
1380 807 1461 876 pastu
1479 819 1512 860 se

339 908 473 969 eundum
496 904 617 984 regulas
641 901 786 964 caritatis.
831 898 923 961 Unde
952 896 1069 959 Cristus
1098 898 1251 960 ordinavit
1281 921 1351 962 suos
1382 901 1512 980 apostolos

339 1031 399 1071 non
423 1007 620 1088 corporaliter
641 1025 766 1084 pascere
788 1001 911 1083 plebem
932 1023 1030 1075 suam,
1054 1001 1108 1063 sed
1130 1002 1337 1081 spiritualiter,
1363 1013 1393 1065 et
1413 1003 1513 1064 adhoc

339 1114 424 1174 dedit
445 1112 488 1172 eis
511 1110 674 1172 carismata
696 1116 727 1168 et
752 1105 909 1166 mandata.
962 1104 1006 1166 Et
1037 1105 1077 1166 ad
1103 1105 1192 1166 istam
1222 1104 1417 1167 elemosinam
1445 1107 1545 1185 spiri-⁵

339 1215 452 1277 tualem
483 1212 597 1274 debent
627 1211 796 1290 superiores
827 1208 955 1270 ecclesie
987 1209 1085 1286 magis
1115 1209 1282 1269 attendere.
1337 1209 1516 1290 Sophisticari

338 1329 442 1378 tamen
463 1324 564 1396 potest
586 1316 642 1376 hec
665 1312 840 1383 elemosina,
869 1310 941 1370 lioet
962 1331 1045 1382 raro,
1078 1319 1109 1372 et
1139 1311 1182 1371 sio
1213 1312 1272 1372 tria
1299 1323 1371 1372 sunt
1392 1313 1517 1391 precipue

335 1423 368 1482 in
398 1421 456 1481 ista
487 1418 652 1479 elemosina
682 1415 842 1494 fugienda:
875 1414 1015 1493 primum,
1040 1413 1121 1492 quod
1142 1413 1274 1474 intencio
1296 1416 1337 1474 sit
1358 1415 1467 1475 munda
1485 1414 1518 1474 ab

338 1523 485 1594 avaricia;
510 1519 591 1600 quod
613 1539 674 1579 non
695 1519 750 1578 fiat
764 1515 936 1596 predicacio
952 1516 1002 1576 vel
1017 1509 1238 1594 dogmatizacio
1259 1529 1385 1597 propter
1404 1519 1517 1582 lucrum.

337 1647 408 1687 nam
430 1624 541 1685 Matth.
568 1627 625 1684 10⁰
647 1620 775 1682 mandat
797 1619 928 1680 Cristus:
952 1620 1046 1698 gratis
1073 1621 1248 1698 accepistis,
1270 1622 1366 1697 gratis
1388 1622 1464 1682 date.
1485 1628 1549 1668 -Μ

337 1728 478 1790 Secundo
501 1726 603 1788 caveri
626 1723 717 1785 debet
738 1733 844 1802 pastus
875 1722 980 1801 populi
1007 1743 1062 1801 per
1083 1723 1195 1801 dogma
1222 1726 1406 1784 contrarium
1433 1724 1520 1784 verbis

338 1831 438 1904 Oristi,
462 1830 533 1910 quia
555 1849 610 1908 per
631 1827 708 1888 illud
731 1826 844 1903 dogma
866 1825 970 1885 seduci
993 1835 1096 1904 posset
1118 1826 1258 1906 populus,
1283 1836 1314 1887 et
1334 1826 1386 1886 ubi
1408 1829 1520 1888 nutrire·

337 1945 387 1994 tur
408 1931 522 2012 pabulo
544 1931 689 1991 tendente
711 1930 752 1990 ad
774 1929 918 2007 patriam,
943 1929 1049 1988 nutriri
1072 1940 1174 2007 posset
1196 1929 1370 2002 mendacio,
1403 1931 1521 1990 ducente

335 2037 413 2097 filios
435 2036 530 2115 petris
552 2033 704 2094 mendacii
719 2031 759 2092 ad
774 2030 954 2110 gehennam.
993 2030 1074 2091 Ymo
1089 2032 1217 2092 mandat
1230 2032 1340 2093 Petrus
1362 2032 1458 2093 IPet.
1473 2027 1519 2092 4³:

336 2140 362 2200 si
384 2139 450 2218 quis
472 2138 606 2216 loquitur
627 2147 657 2196 et
679 2134 852 2213 specialiter
872 2133 904 2192 in
926 2133 1077 2206 docendo,
1107 2134 1249 2214 loquatur
1271 2136 1358 2214 quasi
1380 2138 1550 2196 sermonee1⁵

336 2242 395 2303 dei.
439 2240 482 2300 Et
503 2240 669 2300 rectificata
691 2238 734 2298 sic
762 2237 933 2297 intencione
961 2245 992 2297 et
1018 2237 1180 2316 purificata
1205 2238 1429 2298 ministraoione
1459 2239 1521 2314 dog·

335 2345 425 2405 matis
447 2343 644 2422 spiritualiter
666 2340 849 2420 porrigendi,
881 2340 1047 2400 videndum
1072 2350 1118 2399 est
1139 2340 1247 2412 tercio,
1279 2341 1362 2420 quod
1392 2341 1519 2421 populus,

336 2469 426 2528 quem
448 2446 522 2506 deus
545 2453 688 2523 preparat
715 2443 754 2503 ad
782 2442 839 2502 hoc
867 2462 970 2502 semen
999 2442 1196 2521 spiritualiter
1224 2443 1405 2521 capiendum
1427 2463 1519 2504 secun·

335 2550 409 2610 dum
432 2548 508 2609 duas
530 2547 717 2608 intenciones
748 2546 876 2624 priores,
909 2566 964 2624 pro
994 2545 1062 2605 loco
1093 2553 1124 2606 et
1154 2555 1290 2625 tempore
1316 2566 1447 2624 congrue
1474 2547 1518 2605 fiat

336 2661 450 2732 pastus.
496 2649 546 2710 sie
574 2650 654 2709 enim
680 2648 810 2727 apostoli
836 2656 905 2727 post
934 2646 1162 2707 induraoionem
1193 2648 1347 2710 iudaicam
1374 2649 1415 2709 ad
1435 2649 1550 2728 genti-20

336 2755 396 2815 lem
419 2753 566 2833 populum
587 2760 660 2812 sunt
681 2751 827 2822 conversi,
851 2761 886 2810 ut
907 2759 993 2830 patet
1013 2750 1084 2811 Act.
1110 2755 1176 2810 13⁶.

422 2857 459 2916 In
481 2856 540 2916 ista
562 2865 664 2915 autem
687 2855 825 2932 pastione
846 2853 903 2913 iste
926 2863 1008 2913 seete
1030 2853 1180 2912 seducunt
1203 2854 1364 2932 populum,
1397 2875 1463 2914 cum
1483 2854 1518 2913 in-

336 2960 435 3020 tencio
467 2978 571 3019 earum
602 2958 640 3017 sit
670 2956 878 3036 principaliter
908 2977 962 3034 pro
989 2955 1208 3035 temporalibus
1230 2956 1444 3036 perquirendis.
1484 2956 1518 3015 Et

337 3065 378 3124 ad
408 3063 465 3122 hoc
497 3070 605 3139 aptant
635 3059 809 3131 mendacia,
842 3057 971 3120 ludicria
993 3059 1043 3120 vel
1066 3060 1233 3138 prophana.
1278 3059 1379 3120 Multa
1409 3059 1516 3140 quidem

337 3164 488 3228 auditoria
509 3164 541 3222 in
563 3161 675 3223 talibus
706 3183 745 3221 ex
767 3160 890 3220 malicia
912 3161 1118 3234 delectantur,
1151 3171 1180 3222 et
1206 3163 1248 3222 sio
1280 3164 1418 3242 quamvis
1444 3169 1551 3224 cerusa
1607 3139 1608 3200 l

338 3267 514 3350 predicandi
537 3267 576 3326 sit
597 3265 761 3337 sensibilis,
794 3264 869 3324 deus
891 3273 1007 3336 tamen,
1032 3284 1121 3344 quem
1144 3275 1263 3343 oportet
1285 3267 1439 3345 cooperari
1460 3286 1517 3326 cum
1607 3207 1608 3300 l

336 3372 447 3445 verbis,
480 3379 526 3431 est
547 3367 739 3439 insensibilis,
771 3368 851 3428 sicut
872 3376 943 3426 sunt
969 3367 1114 3438 intencio,
1144 3366 1270 3428 devocio
1293 3379 1324 3429 et
1345 3370 1517 3448 propositum

336 3474 530 3554 predicantis.
553 3509 596 3518 —
617 3471 755 3531 Intencio
787 3479 890 3530 autem
921 3469 1013 3529 debet
1043 3470 1083 3530 ad
1114 3469 1258 3531 honorem
1285 3471 1334 3532 dei
1357 3483 1388 3533 et
1409 3493 1465 3532 non
1485 3470 1518 3530 ad

337 3588 476 3658 questum
497 3575 711 3654 temporalium
733 3573 901 3645 terminari;
926 3572 1053 3633 devocio
1069 3571 1161 3633 debet
1174 3594 1235 3633 non
1251 3575 1290 3634 ad
1312 3574 1372 3634 ista
1394 3573 1517 3641 ludicris,
1607 3589 1608 3608 ¹

336 3681 391 3742 sed
413 3680 453 3741 ad
476 3677 570 3740 v'erba
593 3679 642 3738 dei
664 3677 785 3737 vivacia
807 3675 975 3747 terminari;
1008 3685 1039 3735 et
1065 3677 1252 3755 propositum
1274 3677 1455 3757 predicantis
1475 3675 1552 3734 ‹re-³0

337 3783 389 3844 bet
410 3803 471 3844 non
493 3781 534 3842 ad
555 3801 680 3860 gravem
703 3779 849 3859 populum
872 3786 903 3838 et
924 3778 1054 3839 multum
1081 3800 1136 3859 pro
1158 3779 1250 3839 laude
1276 3779 1409 3840 humana
1430 3779 1516 3854 dirigi,

336 3887 390 3947 sed
413 3886 453 3946 ad
475 3885 636 3964 populum,
669 3884 720 3963 qui
743 3882 875 3942 creditur
897 3901 915 3941 a
938 3881 1100 3942 sufficienti
1123 3881 1314 3960 experiencia
1346 3903 1409 3944 esse
1429 3899 1517 3960 capax

337 3997 368 4049 et
389 3988 548 4068 proficiens
571 3986 664 4047 verbo
687 3987 745 4046 dei.

422 4091 464 4150 Et
487 4090 614 4150 servatis
636 4089 802 4168 prudenter
823 4089 880 4149 hiis
902 4087 998 4148 tribus
1021 4087 1154 4158 videtur,
1184 4087 1264 4168 quod
1287 4087 1344 4149 heo
1367 4085 1516 4148 elemosina

349 4228 678 4236 --....--.---—-

551 4315 628 4360 ‘aas
697 4305 789 4358 darr
862 4309 997 4374 ‘arasa
