3248 5138
102 584 157 630 cap.
170 567 226 616 111
233 565 237 632 ξ
292 567 346 614 nn
364 566 556 616 onnrronu
572 565 623 614 ur
638 565 846 613 noocnsrnn
863 563 1113 614 rrraoarronn
1233 569 1292 626 347

96 739 199 801 nullus
215 739 360 800 secularis
375 737 466 798 debet
482 758 550 798 cum
574 737 761 818 presbyterio
784 737 832 798 vel
856 735 957 818 aliquo
972 737 1074 797 taliter
1089 737 1293 797 commercari.

98 844 139 903 Et
160 843 211 904 hic
243 841 455 904 erubescerent
486 841 556 902 novi
587 840 707 902 ordines
738 841 902 902 fundantes
925 860 1010 900 suam
1034 840 1223 902 dotacionem
1245 839 1294 900 vel

96 946 313 1026 possessionem
336 946 366 1005 in
390 946 530 1006 oracione
550 944 615 1017 tali,
640 943 710 1024 quia
732 945 828 1006 solide
858 944 943 1006 illam
966 943 1110 1006 vendunt.
1148 943 1296 1004 Nesciunt

95 1051 174 1111 enim
204 1087 246 1094 —
278 1048 405 1109 credunt
435 1059 489 1108 aut
520 1057 643 1126 sperant
673 1081 729 1120 —,
767 1056 868 1108 utrum
900 1047 1000 1108 oracio
1031 1067 1086 1108 sua
1113 1040 1295 1125 p(ro)liciat²

74 1153 145 1219 arel
169 1161 278 1212 noceat
300 1153 342 1212 sic
366 1153 521 1224 mercanti,
546 1161 576 1212 et
597 1152 628 1212 in
651 1171 733 1224 casu,
757 1172 815 1232 quo
836 1151 981 1229 proficiat,
1005 1171 1074 1211 curn
1096 1145 1295 1229 p(ro)fectus⁵'

95 1258 132 1318 sit
154 1255 334 1335 spiritualis,
367 1276 426 1315 non
450 1254 663 1333 comparabilis
685 1255 868 1327 numismati,
900 1273 1065 1334 numquam
1087 1252 1233 1332 processit
1256 1272 1294 1312 ax

95 1361 141 1420 dei
165 1357 345 1419 ordinancia
367 1358 469 1418 taliter
491 1359 696 1418 commercari.
727 1358 802 1418 Ideo
823 1356 982 1436 probabile
1005 1366 1051 1419 est
1072 1356 1184 1426 multis,
1214 1354 1293 1434 quod

94 1463 170 1523 tales
203 1469 369 1524 conventus
399 1461 523 1521 istorum
555 1482 701 1522 novorum
733 1462 872 1522 ordinum
903 1460 973 1540 plus
1003 1460 1140 1522 officiunt
1168 1458 1294 1520 ecclesie

94 1586 185 1646 quam
209 1564 370 1644 proficiunt
396 1560 575 1642 precanda*
607 1585 675 1625 cum
699 1585 737 1626 ex
768 1564 827 1626 lide
856 1565 1073 1642 cognoscimus,
1098 1561 1177 1643 quod
1200 1561 1295 1621 nichil

59 1669 177 1731 roualot
199 1668 269 1728 talis
291 1669 401 1740 oracio,
434 1668 490 1728 uisi
521 1666 559 1728 de
590 1676 703 1747 quanto
733 1669 801 1746 ipsa
831 1689 849 1728 a
880 1667 1001 1728 domino
1032 1676 1078 1727 est
1100 1673 1235 1744 accepta,
1265 1675 1296 1724 et

94 1773 204 1832 mirum
227 1771 314 1842 foret,
338 1771 419 1851 quod
441 1779 567 1850 propter
589 1783 651 1830 tarn
674 1771 798 1832 stultam
822 1771 1036 1831 deliracionem
1056 1789 1075 1829 a
1098 1769 1165 1846 lege
1182 1768 1294 1828 domini

94 1875 168 1935 deus
191 1874 363 1934 oracionem
386 1871 479 1934 talem
501 1873 542 1933 ad
563 1883 683 1934 tanturn
705 1875 897 1936 commodum
920 1882 1103 1950 acceptaret.

179 1977 256 2037 Ideo
278 1977 355 2036 tales
377 1976 468 2037 stulte
487 1986 657 2038 mercantes
672 1999 741 2039 cum
757 1975 948 2039 oracionibus
970 1985 1039 2036 sunt
1062 1971 1213 2049 simil(e)s⁵
1236 1984 1294 2034 stc·

93 2080 163 2140 lidis
195 2078 400 2141 mercantibus
432 2100 500 2140 cum
533 2081 593 2140 suis
625 2080 738 2141 umbris
770 2080 833 2142 sole
864 2080 904 2140 ad
927 2099 1084 2158 vesperam
1111 2078 1292 2140 declinante.

58 2205 84 2248 15
94 2184 173 2244 Nam
191 2184 356 2244 secundum
382 2183 572 2261 apostolum“
594 2204 648 2244 nos
671 2205 781 2257 sumus,
805 2185 837 2244 in
859 2204 933 2264 qucs
955 2184 1029 2244 fines
1051 2182 1221 2243 seculorum
1245 2182 1294 2241 de·

93 2297 259 2360 venerunt,
291 2296 322 2348 et
343 2286 387 2346 sol
410 2286 527 2348 iusticie
549 2287 684 2348 declinat
705 2308 724 2348 a
746 2287 963 2367 perpendiculo
985 2285 1160 2347 irradiando
1182 2285 1294 2346 multos

93 2392 213 2452 uiantes
244 2400 276 2451 et
306 2390 478 2469 specialiter
508 2391 661 2470 ypocritas
692 2391 872 2452 sacerdotes.
917 2389 1010 2451 Unde
1041 2389 1147 2450 dicunt
1170 2388 1293 2468 quidam

94 2493 263 2572 presbyteri
279 2493 415 2566 dominis,
440 2495 490 2574 qui
505 2502 614 2573 rogant
636 2495 810 2556 oracionum
825 2513 948 2554 suarum
970 2493 1124 2569 suffragia,
1148 2491 1229 2572 quod
1252 2492 1294 2552 vi·

93 2607 169 2656 rant
199 2597 277 2656 iuste
299 2597 448 2658 servando
479 2597 528 2657 dei
558 2597 717 2669 mandata,
750 2605 781 2658 et
810 2605 898 2657 erunt
920 2598 1095 2658 oracionum
1118 2615 1240 2656 suarum
1263 2603 1295 2655 et

55 2719 84 2765 ro
94 2700 193 2760 meriti
216 2699 312 2760 tocius
335 2700 460 2760 ecclesie
483 2696 672 2779 participes.⁶
715 2699 830 2772 Velint,
854 2699 952 2760 nolint
973 2709 1005 2760 et
1026 2709 1293 2779 quantumcunque

94 2803 210 2863 orando
233 2802 440 2875 clamaverint,
465 2803 528 2863 sine
549 2803 604 2863 tali
626 2803 744 2863 iusticia
767 2803 910 2863 secularis
930 2803 1043 2862 domini
1057 2803 1178 2881 privata
1193 2801 1294 2861 oracio

93 2905 189 2966 nichil
212 2905 303 2966 valet.

180 3007 223 3068 Et
254 3009 296 3069 sic
327 3028 454 3086 necesse
481 3009 572 3082 foret,
613 3009 766 3088 ypocritas
796 3009 921 3069 istarum
953 3017 1103 3070 sectarum
1129 3014 1140 3078 ΙΙ
1165 3017 1294 3088 quatuor
1307 3032 1316 3084 p
1329 3031 1447 3082 aaran

94 3112 195 3172 dicere
217 3111 331 3183 fideles,
357 3131 430 3192 quos
453 3111 645 3172 defraudant.
690 3111 913 3193 Blasphomant
939 3111 1070 3192 quidem,
1097 3133 1164 3173 cum
1181 3112 1293 3172 oracio-

55 3215 183 3280 rsnibus
206 3215 268 3276 suis
290 3215 462 3294 ypocriticis
487 3215 665 3293 decipiendo
697 3216 807 3276 multos
838 3216 964 3277 stolidos
987 3235 1055 3276 cum
1086 3215 1185 3295 specie
1213 3233 1295 3274 vana

93 3319 124 3377 in
145 3318 220 3399 ipsis
242 3317 420 3396 imprimunt
441 3338 534 3378 causa
555 3318 640 3379 lucri.
671 3319 769 3379 Nemo
792 3321 871 3380 enim
894 3328 1079 3380 mercaretur
1100 3338 1168 3378 cum
1192 3317 1293 3398 aliquo

95 3421 222 3481 emendo
254 3419 383 3500 aliquid,
415 3420 472 3481 nisi
503 3421 665 3481 commerio
701 3421 740 3481 sit
771 3418 918 3481 securus.⁷
972 3419 1050 3481 Cum
1072 3421 1171 3498 'igitur
1192 3418 1294 3480 nullus

94 3523 163 3584 talis
194 3524 283 3584 fictus
313 3533 415 3583 orator
437 3544 576 3585 securare
599 3533 698 3603 potest
729 3525 840 3605 aliqua,
872 3525 952 3604 quod
975 3533 1099 3603 propter
1120 3543 1205 3583 suam
1229 3543 1294 3583 ora·

95 3626 212 3686 cionem
234 3626 310 3686 deus
331 3627 426 3686 vitam
450 3627 573 3687 alterius
595 3626 776 3706 acceptabit,
808 3647 869 3686 non
896 3627 1054 3688 habundet
1076 3627 1185 3707 aliquis
1207 3635 1294 3687 tanta

56 3751 86 3795 aa
96 3729 220 3802 desidia,
232 3730 313 3808 quod
323 3729 415 3791 debet
429 3730 562 3809 precium
579 3731 759 3802 commercii,
777 3738 939 3809 antequam,
950 3731 987 3790 ds
1002 3730 1065 3802 illo,
1082 3731 1162 3810 quod
1175 3731 1292 3802 emitur,

309 3917 384 3966 OAP.
403 3918 462 3966 ΙΙΙ.
498 3921 509 3943 ‘¹
528 3917 547 3965 I
562 3918 616 3966 Cor.
637 3923 676 3974 10,
697 3923 724 3966 11

163 4085 306 4154 ’perficiat
319 4091 372 4137 rod.
457 4085 683 4154 ⁸perfoctusrod.
765 4087 866 4138 'chose
884 4093 923 4138 the
940 4093 986 4140 col.
1005 4094 1026 4140 tr
1044 4093 1116 4141 add:
1143 4093 1292 4144 Mercantcs

94 4190 154 4222 cnm
172 4175 334 4224 oracionibus
351 4175 498 4224 salutantur
515 4181 591 4224 acute
607 4173 646 4224 E¹
742 4173 923 4227 ''siudliscod
1027 4177 1081 4227 ⁶in
1098 4197 1161 4228 mar.
1180 4181 1202 4227 ir
1219 4181 1292 4229 add:

95 4259 227 4326 I'articsps
245 4261 394 4310 oracionum
407 4258 514 4326 quisll¹
551 4258 561 4288 ⁷
579 4262 652 4310 abore
669 4264 709 4310 the
726 4262 771 4309 rol.
790 4263 812 4309 ir
829 4264 887 4312 odd.
908 4265 963 4311 nith
983 4265 1055 4314 marl
1072 4265 1105 4330 of
1118 4268 1178 4330 rofi:
1198 4267 1291 4318 Eirieus

97 4345 185 4394 rolens
203 4347 287 4414 querit
306 4348 456 4407 assecurari,
475 4347 534 4398 ideo
553 4349 687 4401 oraciones
704 4364 756 4399 nou
774 4357 922 4400 emerentur
933 4348 970 4404 El
