3182 5142
80 555 128 600 cap.
145 533 209 602 ΙΙΙ]
357 535 639 585 PUBGATOEIUM
655 535 801 584 anem
817 535 977 584 CHRISTI.
1200 540 1260 598 301

78 709 232 789 disponunt
253 709 293 769 ad
316 709 497 770 imitandum
519 709 675 770 dominum
696 708 799 770 Iesum
814 707 957 768 Cristum.
1002 707 1094 770 Unde
1113 707 1261 788 Baptista,

79 823 107 872 ut
127 813 234 874 dicitur
248 812 315 873 Ioh.
334 809 377 886 1,⁶
398 813 540 873 fundavit
561 832 594 873 se
615 812 647 872 in
664 807 789 884 Iesaia,¹
812 811 893 892 quod
907 811 966 872 fuit
980 832 1041 872 vox
1056 812 1217 873 clamantia
1231 812 1263 870 in

79 915 188 976 (inserte
219 915 259 976 ad
291 915 482 994 diiigendum
513 917 595 976 viam
626 914 757 976 domino.
801 915 857 975 Isti
887 923 989 976 autem
1020 916 1179 995 capitanei·
1202 934 1263 974 non

79 1027 220 1090 asserunt,
253 1019 335 1098 quod
356 1027 428 1080 eunt
449 1038 538 1080 voces
560 1017 611 1078 vel
633 1017 734 1078 fistule
756 1017 869 1078 domini
890 1017 961 1078 Iesu
984 1016 1088 1090 Orieti,
1121 1017 1175 1078 sed
1196 1017 1263 1078 fun·

59 1119 190 1180 adatoree
204 1121 372 1182 authentici
385 1121 491 1200 regule
506 1121 575 1200 plus
590 1120 812 1199 compendiose,
836 1139 927 1200 quam
943 1121 1082 1182 dominus
1097 1121 1262 1181 adinvenit.

80 1222 133 1282 Sed
155 1222 206 1283 ubi
227 1225 326 1284 maior
346 1223 554 1303 blasphemia?

154 1325 244 1388 Tales
266 1325 423 1388 evidencie
449 1325 614 1388 movebant
634 1325 766 1387 Paulum
797 1335 829 1386 et
855 1335 970 1388 ceteros
993 1325 1084 1387 Cristi
1111 1325 1263 1404 apostolos

79 1448 130 1487 non
152 1430 265 1489 audere
285 1428 417 1490 fundare
439 1450 533 1490 novoe
548 1430 668 1490 ordines
683 1450 775 1509 supra
790 1439 905 1491 sectam
926 1428 977 1490 vel
999 1430 1136 1490 ordinem
1151 1428 1264 1489 domini

79 1529 141 1592 Iesu
168 1529 282 1592 Castis
325 1531 418 1594 Unde
443 1532 573 1605 Paulus,
597 1532 719 1612 quando
741 1532 845 1593 docuit
869 1533 1017 1612 populum
1040 1534 1124 1612 sequi
1154 1533 1263 1612 ipsum,

48 1633 130 1694 uenit
150 1643 275 1712 perante
298 1655 432 1707 securue
456 1635 536 1715 quod
558 1637 590 1695 in
612 1635 670 1696 hoc
693 1645 814 1697 secutus
840 1636 899 1696 fuit
925 1644 1019 1714 caput
1039 1636 1181 1708 ecclesie,
1214 1635 1264 1696 do-

80 1738 185 1797 miuum
207 1737 309 1798 Iesum
325 1736 467 1798 Crintum.
512 1737 693 1811 Imitateres,
715 1740 822 1818 inquit,
845 1739 905 1798 mei
927 1747 1032 1811 estote,
1056 1739 1135 1799 sicut
1156 1749 1187 1799 et
1208 1758 1265 1816 ego

81 1835 341 1916 Cnsn,(1)²cor.
367 1835 434 1913 11,⁰¹
465 1840 518 1900 ubi
539 1840 661 1901 videtur
684 1841 793 1902 docere
822 1842 960 1914 fideliter,
984 1841 1065 1922 quod
1088 1843 1205 1921 precise
1227 1842 1266 1901 de

80 1951 157 2003 tanto
179 1942 271 2004 debet
289 1943 379 2004 homo
402 1945 487 2023 sequi
507 1964 718 2024 quemcunque
736 1944 840 2017 alium,
864 1944 902 2005 de
924 1952 1038 2024 quante
1060 1945 1125 2023 ipse
1143 1954 1265 2005 secutus

80 2045 163 2106 norit
176 2047 332 2106 dominum
347 2045 450 2106 Iesum
466 2045 612 2118 Cristum,
637 2046 708 2126 quia
730 2046 819 2106 aliter
841 2047 945 2110 seduci
960 2055 1060 2126 potest
1074 2067 1128 2126 per
1143 2046 1265 2107 denium

49 2156 71 2200 15
81 2148 225 2228 sequendo
248 2146 340 2209 cristi
362 2148 580 2221 adversarium,
604 2149 802 2209 anticristum.

593 2338 679 2397 CAP.
704 2337 758 2396 III.

154 2471 197 2532 Et
211 2472 268 2533 hec
283 2473 375 2546 raci0,
399 2493 492 2552 quare
507 2473 537 2533 in
552 2474 616 2534 istis
631 2471 640 2556 ᾖ
655 2474 741 2534 novis
757 2473 932 2534 ordinibus⁰
947 2475 1119 2535 necessaria
1134 2484 1180 2537 eet
1196 2474 1265 2536 obe·
1278 2485 1287 2536 ΙΙ
1296 2485 1340 2526 nen
1351 2487 1392 2537 sot
1401 2489 1437 2526 ⁶0¹¹

82 2573 192 2635 diencia
213 2571 382 2649 resistiva‚⁶
404 2577 484 2656 quia,
508 2576 580 2637 dum
607 2577 760 2657 capitanei
782 2577 928 2638 affectant
953 2577 1082 2638 honores
1097 2579 1267 2639 mundanos

82 2676 125 2735 vel
144 2677 262 2738 lucrum
285 2679 379 2740 seculi
407 2689 461 2740 aut
483 2679 667 2740 difficultant
689 2700 759 2740 suos
778 2679 915 2741 subditos
937 2700 956 2740 a
978 2681 1046 2758 lege
1068 2681 1192 2754 domini,
1215 2681 1266 2741 lex

82 2776 164 2840 Crieti
187 2779 278 2841 docet
300 2779 421 2843 abillis
449 2781 555 2860 fugere
581 2791 615 2842 ut
636 2790 779 2844 veneno⁰.
824 2781 957 2844 Etcum
980 2803 1085 2844 omnes
1115 2786 1267 2863 capitanei

48 2889 218 2942 nunovorum
241 2883 381 2944 ordinum
403 2885 435 2944 in
450 2884 507 2945 hiis
522 2883 618 2945 tribue
636 2885 789 2958 deficiunt,
813 2885 865 2945 lex
881 2884 971 2947 cristi
994 2886 1092 2960 docet,
1117 2888 1266 2968 quomode

82 2983 197 3046 dissolvi
220 2984 354 3046 debeant
374 2986 431 3047 iste
453 2981 564 3047 sected.
610 2988 797 3067 Principium
820 2997 922 3048 autem
944 2989 1016 3050 fidei
1038 2999 1092 3062 est,
1117 2991 1266 3070 quomodo

81 3084 196 3148 obedire
218 3097 338 3167 opertet
359 3089 456 3168 magis
479 3088 535 3149 deo
558 3111 649 3169 quam
671 3091 795 3164 homini,
818 3101 853 3151 ut
874 3091 986 3152 dieitur
1007 3094 1078 3153 Act.
1104 3099 1149 3154 5⁰.

156 3189 271 3250 Iterum
295 3211 343 3251 are
366 3191 513 3271 sequendi
534 3201 649 3253 sectam
675 3194 825 3254 veniendo
856 3193 897 3254 ad
928 3193 1147 3257 beatitudinem
1177 3195 1268 3256 debet

81 3292 193 3353 racione
214 3291 329 3366 librari,
352 3293 493 3372 eligendo
515 3296 670 3356 meliorem
690 3307 804 3357 sectam
826 3296 895 3375 plus
917 3297 1040 3357 facilem
1063 3308 1094 3359 et
1119 3318 1266 3359 securam.

49 3391 136 3453 used
156 3395 210 3456 illa
233 3405 280 3456 est
293 3405 377 3456 secta
393 3395 485 3458 cristi
507 3418 584 3476 pura
606 3399 670 3458 eine
685 3398 797 3460 talibus
811 3395 961 3479 putaciis¹
984 3401 1164 3461 adinventis.
1193 3400 1267 3461 Ideo

284 3563 295 3594 ⁶
312 3585 334 3616 ο.
347 3571 379 3619 23
458 3573 467 3595 ⁶
485 3570 533 3618 this
550 3570 607 3617 idea
624 3570 646 3618 ie
663 3570 803 3634 frequently
819 3571 891 3618 made
908 3587 950 3620 nce
967 3571 1042 3636 οἷὸς
1061 3572 1096 3620 W.
1114 3572 1213 3634 wainni
1230 3572 1269 3619 the

243 3653 322 3700 Secta:
340 3671 378 3716 φ.
396 3654 477 3711 cham,
491 3671 519 3718 p.
539 3659 569 3704 97
605 3650 618 3682 Δ
634 3672 655 3702 ο.
670 3661 681 3703 1

286 3739 576 3803 CAP.111.⁰va.of
589 3741 628 3789 ne
640 3740 798 3788 Mendicants
840 3737 851 3768 ⁶
876 3743 912 3791 W.
924 3742 1063 3807 frequently
1080 3758 1165 3790 necare
1182 3746 1207 3790 to
1220 3743 1269 3791 aa

242 3823 307 3880 idea,
325 3841 371 3888 cp„
388 3826 431 3889 fer
448 3827 564 3883 instance,
582 3825 663 3882 abone,
677 3843 704 3889 p.
719 3831 767 3875 140
785 3827 836 3874 and
855 3833 917 3886 1615
936 3829 990 3876 alca
1002 3828 1129 3884 Matthetc,
1149 3831 1206 3884 131,
1218 3833 1268 3878 416

242 3913 251 3936 ²
269 3926 307 3974 ep.
325 3910 407 3968 acm,
421 3929 449 3975 p.
464 3917 511 3962 uc
530 3911 629 3977 l.1ff.,·
647 3911 761 3962 anonae
805 3907 818 3939 ⁶
835 3929 865 3962 ae
882 3919 907 3963 a
920 3916 974 3970 ua,
992 3931 1030 3978 ep.
1042 3914 1124 3970 aeae,
1138 3931 1165 3977 p.
1180 3913 1268 3979 wlff.

241 3997 289 4044 ὀ.
302 3999 334 4046 99

110 4087 403 4100 ———-———-—.

144 4130 216 4180 OAP.
235 4132 278 4181 II.
314 4129 323 4159 ¹
340 4093 473 4196 yse-nu
542 4130 553 4160 ²
570 4134 622 4196 (I)
640 4134 754 4184 anaMS.

145 4216 216 4266 OAP.
226 4217 286 4266 ΙΙΙ.
315 4213 323 4244 ¹
337 4219 371 4266 Sa
381 4219 500 4268 Matthew
509 4220 555 4268 has
564 4221 662 4283 copied:
676 4221 715 4270 tlte
728 4221 822 4270 Vienna
831 4222 882 4270 and
890 4223 990 4285 Prnyae
1001 4222 1072 4270 codd.
1081 4223 1143 4271 read
1151 4239 1180 4271 aa
1189 4239 1205 4270 c
1214 4221 1269 4270 nale

85 4296 165 4358 pictae
