3248 5138
88 587 136 632 cop.
153 567 209 634 IX]
363 569 645 618 PURGATOBIUM
662 569 809 618 saum
826 568 987 618 CHRISTI.
1212 573 1272 631 311

89 745 121 803 sit
140 741 334 822 principalior
355 742 433 802 inter
449 749 459 810 ΙΙ
476 762 589 802 omnes.
643 741 746 803 Debet
776 750 879 802 tamen
910 741 1082 821 predicator
1106 741 1272 813 attendere,
1286 753 1445 806 lette-⁶³⁰

89 847 182 923 gracia
204 846 290 907 euius
309 844 455 924 predicat,
480 844 552 925 quid
569 843 719 906 auditorio
734 864 789 905 suo
804 843 943 922 predicat
965 854 995 905 et
1017 844 1108 924 quale
1130 844 1169 904 sit
1191 843 1276 904 audi·

89 949 197 1020 utrium,
221 949 270 1008 eui
292 948 439 1027 predicat.

229 1051 289 1126 Qui
312 1052 414 1122 docet,
438 1050 578 1112 attendat
598 1051 698 1122 linem,
722 1050 869 1130 pabulum
893 1051 1109 1131 populumque.

592 1344 678 1404 OAP.
702 1346 760 1405 IX.

71 1554 82 1598 s
165 1531 339 1611 Corporalis
362 1541 464 1592 autem
487 1531 652 1592 elemosina
675 1533 812 1593 consistit
832 1533 864 1593 in
889 1531 1066 1593 necessariis
1082 1533 1199 1611 corpori
1221 1553 1275 1612 pro

90 1635 138 1696 hac
159 1636 232 1708 vita,
256 1635 425 1696 cuiusmodi
447 1643 518 1696 sunt
544 1635 710 1695 seeundum
733 1636 905 1714 apostolum
932 1635 1110 1695 alimentum
1139 1644 1170 1696 et
1191 1645 1275 1714 tegu-

91 1747 222 1810 mentum,
246 1736 424 1798 alimentum
447 1739 478 1796 in
501 1737 576 1798 cibis
599 1747 630 1798 et
652 1736 773 1817 potibus
793 1747 824 1798 et
839 1747 1047 1816 tegumentum
1068 1738 1100 1798 in
1115 1739 1223 1817 pannis
1246 1749 1277 1799 et

91 1842 227 1902 domibus.
242 1875 284 1884 —
299 1839 341 1900 Et
356 1861 424 1901 eum
439 1839 655 1918 sophisticatus
669 1839 725 1900 heo
741 1841 905 1919 corporalis
920 1841 1095 1914 elemosina,
1119 1841 1276 1902 attendere

91 1943 171 2004 debet
193 1943 394 2005 elemosinans
416 1942 457 2003 ad
478 1943 535 2003 hee
562 1942 634 2014 tria,
659 1943 732 2022 quid
754 1944 918 2016 ministrat,
942 1943 1052 2023 quibus
1073 1944 1225 2004 ministrat
1246 1953 1277 2003 et

60 2048 184 2124 usgraeia
205 2047 290 2108 cuius
312 2045 388 2106 linis.
433 2045 503 2106 Non
526 2045 606 2105 enirn
629 2045 793 2106 ministrari
815 2046 928 2107 debent
949 2046 1073 2106 lautieie
1101 2054 1276 2124 sumptuose

90 2151 229 2210 informa
255 2149 432 2221 elemosine,
464 2147 518 2208 sed
549 2149 695 2208 alimenta
726 2149 899 2209 eommunia
925 2159 955 2209 et
983 2149 1166 2221 necessaria,
1198 2148 1277 2208 siout

91 2251 197 2313 Cristrs
221 2252 254 2312 in
276 2250 395 2312 duobus
417 2252 478 2311 suis
501 2251 647 2312 conviviis
669 2250 783 2330 populo
805 2251 997 2312 ministravit.

167 2354 295 2434 Oportet
317 2355 450 2415 seeundo
473 2355 638 2427 attendere,
662 2354 743 2434 quod
765 2353 826 2414 illis
848 2354 996 2432 personis,
1026 2354 1134 2433 quibus
1159 2351 1276 2413 Oristus

91 2457 222 2519 limitavit
242 2458 322 2518 hane
355 2457 564 2529 elemosinam,
597 2458 794 2529 ministretur;
828 2456 995 2516 cuiusmodi
1027 2467 1097 2517 eunt
1126 2477 1276 2536 pauperes

62 2561 208 2636 tedebiles,
240 2580 390 2640 pauperes
421 2559 524 2621 claudi
555 2571 585 2620 et
615 2581 765 2639 pauperes
793 2560 870 2632 oeci,
903 2558 1012 2640 quibus
1035 2557 1151 2620 Cristus
1182 2560 1275 2622 talem

93 2664 276 2725 elemosinam
298 2663 451 2735 limitavit,
475 2672 510 2723 ut
530 2673 616 2742 patet
638 2663 713 2724 Luc.
739 2668 806 2722 14.ιι

167 2768 250 2827 Finis
272 2776 374 2827 sutem
396 2767 530 2854 intentus
558 2764 650 2825 debet
677 2785 742 2826 esse
768 2765 865 2826 honor
887 2765 935 2826 dei
958 2775 989 2825 et
1010 2785 1125 2826 meroes
1147 2763 1276 2824 beatitu-

93 2869 162 2931 dinis
181 2869 378 2949 possidenda,
401 2878 432 2929 et
453 2890 509 2948 per
530 2889 717 2948 consequens
738 2869 836 2929 honor
857 2868 1054 2947 ypocritieus‚
1086 2867 1170 2928 fama
1192 2889 1276 2927 mun·

93 2972 165 3034 dana
185 2983 216 3034 et
237 2971 421 3050 regraeiacie
444 2971 619 3050 temporalis
642 2971 755 3032 debent
777 2971 817 3033 ab
838 2972 898 3031 ieta
930 2971 1096 3031 elemosina
1118 2971 1275 3030 removeri.

62 3089 86 3136 lo
167 3075 215 3136 Ex
238 3096 298 3156 quo
319 3075 442 3135 videtur
468 3075 578 3154 primo,
611 3074 692 3152 quod
723 3075 854 3153 populus
877 3074 1067 3152 Anglicanus
1099 3094 1159 3133 non
1186 3072 1277 3133 debet

94 3177 198 3240 solvere
219 3199 289 3239 suas
311 3178 445 3239 decimas
474 3176 526 3237 vel
557 3177 640 3237 aliud
673 3178 836 3255 pedagium
864 3197 956 3256 pape,
990 3175 1196 3237 cardinalibus
1227 3176 1276 3236 vel

95 3280 152 3342 aliie
181 3283 291 3343 auratis
321 3280 493 3351 forinsecis,
526 3279 578 3358 qui
608 3301 670 3340 non
698 3281 866 3358 rependent
891 3279 1040 3340 beneficia
1067 3279 1236 3356 spiritualia
1258 3299 1277 3338 a

95 3383 203 3445 domino
225 3385 364 3444 limitata.
409 3382 498 3444 Talia
521 3383 600 3442 enim
623 3403 684 3442 non
700 3382 814 3442 debent
836 3383 902 3443 dari
922 3382 979 3442 nisi
1002 3382 1090 3442 titulo
1113 3381 1277 3441 elemosine

96 3487 260 3564 corporalis,
292 3487 346 3547 sed
374 3487 448 3547 dieti
475 3486 618 3565 prepositi
646 3506 665 3547 a
691 3486 869 3563 recepeione
893 3484 962 3545 talis
994 3484 1158 3544 elemosine
1181 3492 1212 3543 et
1232 3503 1277 3543 re-

64 3590 232 3664 aspersionis
259 3589 362 3650 debite
384 3599 455 3650 sunt
475 3589 579 3668 inepti.
624 3588 668 3648 Et
689 3589 810 3647 omnino
825 3588 1006 3649 detestanda
1028 3587 1107 3647 soret
1129 3584 1276 3657 condicio,

97 3692 166 3768 qnod
186 3713 265 3772 papa
288 3703 318 3753 et
340 3692 449 3771 prelati
469 3692 653 3751 necessitent
667 3691 707 3751 ad
723 3690 858 3751 dandum
874 3691 951 3751 tales
976 3689 1156 3750 elemosinas
1171 3696 1277 3748 eontra

97 3794 219 3870 regulam
240 3797 317 3874 legis
340 3793 440 3855 Cristi.

170 3896 217 3958 Ex
247 3899 352 3959 eodem
384 3898 506 3959 videtur
535 3897 683 3969 seeundo,
716 3896 797 3976 quod
827 3916 883 3956 nee
915 3894 1194 3954 exeommunioaeie
1221 3913 1277 3953 nec

98 3997 150 4058 alia
177 4001 348 4063 machinata
379 4021 506 4062 censura
538 3999 630 4060 debet
657 3998 856 4078 parochianos
884 3997 1051 4073 astringere
1078 3996 1118 4056 ad
1141 3995 1276 4056 dandum

67 4111 190 4162 alienato
210 4104 360 4182 indigene,
385 4111 456 4163 noto
479 4101 519 4163 ab
547 4102 754 4182 experimento
777 4099 913 4172 inhabili,
936 4099 1079 4171 decimas,
1104 4098 1277 4159 oblaciones

296 4343 370 4390 CAP.
390 4343 441 4390 IX.
475 4345 486 4368 ‘¹
505 4359 542 4404 φ.
561 4359 582 4389 o.
595 4345 625 4391 91
640 4341 670 4406 ff
