3188 5148
543 541 590 590 IN
590 541 686 590 TROD
692 540 779 590 {scri
781 541 838 591 ΟΝ.
1193 559 1277 602 LXXI

49 711 318 780 Responsiones
335 711 380 768 ed
397 713 594 779 anunente
611 708 785 766 cuiusdam
802 708 907 765 emuli
924 707 1074 764 ueritatis
1090 710 1137 763 is.

125 800 255 862 Quidam
271 801 357 851 socius
374 814 453 865 quem
471 813 588 864 suppono
606 812 672 848 esse.
700 800 769 866 fian.
787 797 941 865 regulariter
957 797 1020 846 cleri
1037 796 1115 846 talem
1134 796 1228 864 legem.

48 917 257 986 Responsio
275 915 320 972 ed
337 915 489 984 argueies
505 915 719 970 monachales
735 916 779 969 44
796 912 1037 970 conclusiones.

127 1007 255 1070 Quidam
272 1005 361 1056 doctor
377 1005 486 1064 utinam.
515 1007 584 1072 fiais.
602 1002 732 1054 mendacii
748 1003 871 1068 nequicia
888 1001 1042 1052 dominetur.

48 1123 320 1193 Responsiones
336 1119 381 1176 ed
398 1123 594 1186 argumenta
609 1119 746 1175 Budoiii
762 1119 805 1175 de
823 1119 943 1174 strode.

128 1213 218 1276 Quod
240 1209 385 1262 secundum
406 1209 587 1275 philosophum
614 1215 733 1258 sanctum
755 1213 795 1258 est
816 1207 991 1273 philosophari
1009 1209 1063 1270 (l).
1091 1210 1162 1276 finit.
1190 1208 1274 1258 tocius

191 1314 249 1351 esse
266 1295 402 1348 consenui

51 1418 106 1474 Do
127 1429 251 1476 amore
268 1427 371 1481 quere
388 1413 503 1481 plures
520 1411 754 1480 responsiones
770 1411 808 1466 in
825 1411 856 1467 d.
873 1415 906 1467 et
923 1409 961 1466 in
978 1424 1002 1466 s.

131 1503 253 1564 Quidem
270 1501 355 1553 fidelis
371 1502 399 1550 in
416 1501 520 1551 domino
537 1500 629 1567 querit.
659 1501 721 1568 fiais
738 1501 841 1550 miserie
858 1499 1042 1564 dirumpamus.

54 1615 109 1672 De
140 1619 353 1675 salutacione
379 1617 538 1684 angelica,
565 1631 630 1685 que
657 1617 809 1684 sequitur
835 1617 946 1674 statim
963 1615 1154 1672 oracionem
1170 1615 1275 1671 domi·

191 1719 228 1760 m
249 1719 311 1760 em.

135 1718 267 1854 eramdis
283 1771 371 1844 sutem
388 1792 515 1843 salrrtacio
532 1792 659 1858 angelica.
688 1794 759 1860 fiais.
777 1807 834 1842 rose
850 1791 1053 1858 proprietatibus
1067 1789 1222 1842 senciendis.

56 1907 112 1963 De
138 1909 302 1977 gradibus
319 1909 408 1966 cieri

137 1997 252 2060 Quidam
271 1997 395 2048 secularis
412 1999 508 2064 probus
524 1997 600 2048 relat.
629 1999 698 2064 fiais.
719 1997 895 2063 multiplieiter
912 1996 986 2046 illurn
1004 1995 1137 2046 mundum.

58 2113 116 2170 De
135 2115 342 2172 dissensione
358 2127 523 2183 poparum
540 2117 573 2170 et
590 2118 640 2170 est
651 2114 736 2170 eiius
746 2127 882 2182 paruus,
899 2112 958 2180 qui
970 2111 1076 2169 eciem
1087 2111 1135 2168 sio
1146 2110 1276 2180 incipit.

141 2205 208 2266 Quia
225 2206 275 2254 iste
292 2209 455 2254 monstruosa
472 2203 518 2252 dis.
547 2205 616 2271 finis.
636 2203 720 2254 estin
737 2202 812 2252 dictis
828 2204 874 2264 (l)
892 2203 943 2252 iarn
960 2201 1097 2268 peruersis.

65 2319 119 2376 De
136 2321 299 2377 uersueiis
316 2319 486 2377 anticristi.

140 2411 265 2472 Quamuis
283 2409 411 2475 dyabolus
428 2425 461 2459 ex
478 2408 599 2459 naturali
629 2411 698 2476 finis.

69 2525 120 2582 De
138 2527 353 2596 exposioione
370 2528 483 2582 textus
500 2525 557 2581 iia
575 2527 627 2580 24.

140 2617 208 2679 Quia
226 2616 400 2683 ewangelium
417 2613 495 2664 istud.
523 2615 593 2683 sinu.
610 2615 644 2664 sit
660 2614 754 2664 melius
770 2614 912 2664 intellecta.

139 2702 214 2765 Quod
231 2703 315 2752 clerus
333 2701 407 2768 regni
424 2701 527 2768 Anglie.
545 2701 672 2762 (haina)
690 2715 724 2749 ex
741 2700 793 2750 lide
811 2701 945 2766 scripturo.

72 2816 243 2875 Sermones
269 2819 312 2872 20
337 2816 513 2885 compositi
543 2817 580 2872 in
609 2817 677 2872 fine
707 2817 778 2873 uite
804 2829 863 2874 sue
890 2819 923 2872 et
948 2815 1049 2871 debet
1079 2816 1166 2868 stare
1196 2817 1272 2880 post

188 2907 232 2960 40
249 2916 419 2959 sermones
437 2916 541 2970 quere
558 2903 596 2958 in
613 2903 645 2956 h.
1042 2902 1049 2917 '

139 2993 239 3059 Rogate
256 3007 336 3058 quam
353 2991 387 3040 ad
405 3006 497 3056 pacem
515 2998 583 3042 eunt.
612 2994 681 3059 fiais.

74 3106 267 3165 Differeneia
284 3108 372 3164 inter
388 3111 564 3175 peceatum
581 3109 721 3164 mortale
738 3109 772 3164 et
788 3107 931 3163 ueniele.

141 3198 229 3248 Restat
246 3213 316 3246 nune
333 3196 470 3247 decutere.
500 3199 570 3266 fiale.
590 3197 652 3247 Sine
670 3197 818 3247 discrimine
836 3196 963 3245 nesciunt.

75 3295 191 3354 contre
206 3297 385 3366 religiones
400 3296 549 3365 priuatas
560 3301 593 3353 et
604 3296 795 3353 intitulatur
805 3293 1037 3363 purgatorium
1049 3297 1137 3350 secte
1148 3294 1273 3350 christi.

139 3387 204 3453 Sepe
220 3391 382 3452 assumptum
400 3392 446 3448 est,
466 3391 495 3435 ut
511 3385 644 3436 fidendum
661 3385 706 3448 (l)
723 3387 794 3453 fisis.
813 3383 988 3434 irremissibile
1005 3383 1094 3432 multis
1110 3383 1206 3449 regnis.

75 3483 121 3540 De
137 3489 291 3553 quattuor
307 3485 407 3542 seotm
424 3485 569 3542 noueliis
586 3487 620 3541 et
637 3497 754 3540 eorum
772 3482 942 3540 erroribus
960 3495 998 3538 oa
1016 3485 1061 3538 12.

140 3575 285 3626 Secundum
302 3581 355 3624 tres
372 3575 483 3624 uirtutes
499 3573 666 3640 theologicas.
695 3575 766 3641 fiais.
786 3571 820 3623 ed
838 3572 947 3622 ecclesie
965 3571 1178 3638 prodessenrlum.

77 3672 122 3728 De
138 3675 233 3732 cristo
250 3678 285 3734 et
302 3688 365 3731 suo
382 3673 570 3730 edversario
588 3670 770 3728 entioristo.

139 3763 284 3814 Secundum
302 3762 443 3813 catholicos
460 3761 572 3812 ecclesia
589 3767 635 3813 est.
665 3761 734 3829 fiais.
752 3775 769 3811 a
787 3760 881 3811 Christi
898 3759 1015 3827 uestigiis
1033 3761 1148 3810 deniare.

79 3859 123 3916 De
138 3863 231 3920 nouis
248 3861 435 3919 ordinibus.

139 3951 283 4003 Secundum
301 3950 409 4017 apostol.
427 3948 494 4016 Eph.
522 3951 593 4017 fiais.
611 3949 637 3998 in
655 3955 729 4016 parte
747 3964 903 4016 cognoscere
921 3964 955 3998 ex
973 3948 1107 4014 scriptura.

80 4047 313 4120 Responsiones
330 4049 374 4106 sd
392 4049 497 4104 elium
514 4050 695 4106 doctorem.

140 4139 270 4191 Secundus
288 4139 378 4188 doctor
395 4153 468 4188 meus
486 4143 513 4188 et
529 4137 654 4190 uillereus
672 4139 724 4202 (l).
754 4139 825 4206 finis.
843 4138 908 4188 libro
926 4138 942 4188 2
961 4137 1041 4204 partis
1063 4143 1089 4186 et
1111 4135 1225 4201 capitulo
1244 4135 1270 4188 i.

82 4234 124 4293 De
138 4252 271 4310 corpore
289 4237 405 4295 christi
422 4250 525 4305 quere
542 4237 580 4292 in
597 4251 615 4294 o
633 4237 792 4294 maiorem
809 4240 987 4295 tractatum
1004 4237 1047 4292 de
1059 4235 1268 4292 eucharistie.

141 4345 202 4412 Sepe
219 4345 354 4397 confessus
371 4360 436 4394 sum.
466 4346 534 4412 fisis.
553 4344 724 4410 quantumin
742 4344 869 4410 episeopis
887 4349 934 4393 est.
