3248 5138
772 512 963 562 JOIIANNIS
986 513 1125 570 WICLIF,

841 715 956 815 'orn
980 755 1019 814 11.
1123 807 1126 816 .

436 927 544 988 Restat
559 927 692 987 suadere
714 921 908 986 evidencius¹
932 935 1037 986 contra
1059 926 1114 987 has
1135 937 1234 988 sectas
1256 937 1287 988 et
1302 928 1462 1008 specialiter
1473 929 1519 988 fra·

350 1039 444 1102 trum;
467 1039 676 1090 verumtamen
699 1031 776 1091 citra
797 1028 1088 1090 demonstracionem
1110 1031 1219 1108 topice,
1243 1031 1324 1111 quod
1346 1031 1447 1092 frenes
1465 1045 1521 1092 sunt

351 1132 501 1212 dyaboli,“
523 1132 705 1204 evidencius‚
729 1152 819 1212 quarn
841 1131 937 1191 frater
957 1127 1031 1192 iste⁶
1046 1133 1103 1193 soit
1117 1131 1284 1206 ostendere,
1308 1133 1366 1194 hoc
1382 1153 1442 1194 esse
1454 1134 1521 1194 here

351 1237 454 1308 ticum,
487 1235 568 1315 quod
598 1255 701 1295 omnes
723 1235 847 1315 presciti
869 1243 940 1294 sunt
962 1233 1094 1312 dyaboli,
1127 1235 1198 1316 quia
1220 1255 1385 1314 numquam
1407 1236 1522 1296 auditum

351 1348 405 1412 est,
437 1338 589 1399 racionem
611 1338 651 1398 ad
672 1338 753 1398 istud
779 1338 951 1417 procedere,
975 1338 1031 1398 nisi
1052 1337 1131 1398 sorte
1153 1337 1222 1398 talis
1239 1339 1323 1398 racio
1345 1349 1459 1399 moveat
1477 1339 1554 1398 fre-⁵

351 1452 427 1501 trem
458 1441 558 1502 istum.
604 1439 637 1501 si
668 1461 771 1502 omnes
801 1440 925 1520 presciti
946 1449 1017 1501 sunt
1038 1439 1172 1520 dyaboli,
1204 1450 1277 1501 tunc
1299 1450 1371 1501 sunt
1392 1461 1459 1520 pure
1478 1442 1526 1520 spi·

352 1543 436 1616 ritus,
469 1544 547 1604 sicut
569 1554 639 1604 sunt
659 1543 714 1616 illi,
747 1544 797 1624 qui
825 1545 857 1603 in
878 1543 1000 1604 tartaris
1032 1553 1103 1603 sunt
1133 1543 1291 1622 dampnati
1315 1545 1369 1605 sed
1399 1545 1455 1605 ista
1480 1543 1525 1603 fal-

351 1646 431 1707 lacia
453 1645 662 1726 consequentis
684 1666 849 1727 numquam
872 1647 984 1706 eximet
1006 1647 1131 1706 fratrem
1152 1647 1244 1706 istum
1272 1667 1291 1707 a
1314 1658 1393 1708 sorte
1411 1645 1525 1727 dyaboli.
1600 1725 1601 1730 ἵ

351 1771 420 1811 cum
451 1749 572 1810 videtur
600 1749 734 1821 innuere,
767 1749 848 1828 quod
879 1748 993 1810 dictum
1016 1747 1107 1809 Cristi
1133 1749 1171 1810 de
1194 1749 1333 1811 Scariotlr
1356 1745 1413 1810 sit²
1431 1749 1527 1810 heresis

352 1852 521 1913 manifesta.
1537 1865 1557 1906 n

438 1955 580 2016 Secunda
611 1954 781 2027 evidencia,
813 1975 904 2034 quam
936 1955 1038 2016 audivi
1070 1965 1176 2017 contra
1205 1956 1300 2028 istud,
1333 1957 1414 2035 quod
1442 1975 1527 2015 omnes

352 2058 473 2138 presciti
495 2067 566 2118 sunt
588 2056 720 2136 dyaboli,
744 2066 804 2118 stat
825 2057 857 2117 in
877 2058 948 2118 isto:
972 2057 1059 2119 iuxta
1080 2057 1160 2118 istud
1182 2058 1319 2120 homines
1341 2071 1461 2138 possunt
1474 2059 1528 2118 esti-

352 2181 444 2234 mare,
468 2181 571 2221 omnes
593 2159 701 2220 fratres
724 2171 754 2221 et
775 2160 931 2238 religiosos
952 2161 1077 2221 istorum
1100 2161 1240 2221 ordinum
1259 2181 1323 2222 esse
1339 2161 1485 2241 dyabolos,
1505 2175 1529 2219 et

352 2265 394 2324 sic
417 2264 545 2324 aufferre
567 2261 607 2322 ab
622 2262 682 2323 illis
696 2262 863 2324 subsidium
878 2263 1055 2343 temporale,
1079 2273 1109 2324 et
1123 2265 1236 2342 periret
1249 2264 1323 2325 ordo
1337 2274 1401 2325 tam
1416 2275 1528 2334 sanctus,

352 2367 403 2447 qui
425 2387 444 2427 a
465 2379 528 2427 tam
551 2365 662 2427 sanetis
684 2366 819 2444 patronis
841 2375 887 2427 est
907 2365 1053 2426 fundenis
1075 2376 1106 2427 et
1127 2386 1146 2426 a
1167 2376 1230 2427 tarn
1253 2369 1365 2428 sanctis
1380 2367 1462 2446 papis
1477 2375 1527 2426 tan
1538 2376 1559 2418 1⁵

352 2469 560 2550 multipliciter
582 2466 802 2530 confirmatus!

438 2571 499 2633 Sed
531 2581 653 2632 moveat
681 2572 740 2632 ista
770 2571 852 2632 racio
882 2572 1021 2632 iuvenem
1053 2581 1083 2632 et
1107 2573 1248 2633 iuvenem
1272 2573 1444 2652 dyabolum,
1472 2571 1530 2650 quie

354 2675 515 2736 verisimile
533 2685 591 2746 est,
623 2675 703 2755 quod
730 2685 865 2734 moveret
885 2675 1087 2735 inveteratum
1111 2673 1275 2754 dyabolum
1298 2675 1476 2746 induratum,
1496 2674 1530 2732 sie

354 2799 414 2838 non
444 2785 579 2838 moveret
605 2776 734 2837 fundare
766 2798 877 2838 novum
908 2777 1043 2837 ordinem
1074 2797 1164 2856 super
1193 2779 1362 2852 mendacio,
1394 2780 1460 2859 quia
1485 2777 1530 2837 Pe

353 2895 417 2942 trus
438 2877 570 2959 incepit⁴
592 2880 690 2940 iurare
713 2891 744 2940 et
765 2881 1030 2954 anathematizare,
1058 2881 1138 2962 quod
1153 2901 1214 2942 non
1233 2882 1366 2943 novisset
1386 2881 1561 2947 hominene·
1599 2905 1600 2908 ¹

354 2994 388 3044 ut
410 2985 521 3045 dicitur
542 2983 653 3044 Matth.
678 2986 742 3054 26,ο
764 2983 835 3062 quia
857 2993 984 3057 constat,
1012 2983 1092 3063 quod
1115 2984 1223 3044 Petras
1245 3005 1285 3045 ex
1308 2986 1338 3045 η’
1360 2985 1459 3063 gracie
1479 3001 1530 3060 pre

354 3086 566 3148 destineoionis
587 3098 660 3145 tunc
682 3084 740 3145 fuit
763 3086 868 3146 melior
889 3087 946 3146 hiis
969 3087 1112 3166 patronis.

195 3205 279 3254 osol-
293 3205 343 3242 1⁸21⁴
440 3189 548 3250 Tereia
578 3188 736 3249 evidenoia
752 3195 763 3256 ΙΙ
779 3185 898 3249 movet³
929 3189 1054 3269 aliquos,
1088 3188 1168 3270 quod
1198 3197 1271 3248 tunc
1304 3187 1430 3267 quilibet
1450 3187 1531 3246 viator

354 3293 432 3354 foret
463 3291 572 3353 dubins
603 3291 652 3351 vel
679 3291 851 3370 perplexus,
883 3312 923 3352 an
944 3287 1091 3372 ipsemet⁶
1121 3291 1159 3351 sit
1181 3289 1340 3369 dyabolus,
1373 3300 1403 3352 et
1423 3290 1462 3350 sic
1482 3305 1530 3346 non

354 3397 505 3474 acciperet
526 3394 752 3466 eucharistiam,
784 3394 833 3454 vel
859 3394 975 3456 faceret
1005 3393 1116 3454 bonurn
1148 3413 1224 3473 opus
1255 3393 1293 3454 de
1323 3413 1445 3472 genere,
1474 3389 1560 3470 quiea

355 3499 459 3570 nescit,
492 3498 516 3558 si
538 3518 577 3557 ex
600 3497 776 3558 condicione
799 3497 922 3578 dyaboli
945 3493 1050 3558 cedet⁷
1074 3495 1131 3557 sibi
1153 3496 1193 3556 ad
1215 3496 1332 3556 malurn
1355 3495 1460 3566 anime,
1487 3489 1528 3552 sed

353 3601 434 3662 istud
456 3595 658 3661 interimeret⁸
681 3601 782 3660 omnia
804 3603 896 3680 o'pera
917 3598 998 3660 bona
1020 3600 1153 3660 viatoris.

440 3703 597 3779 Quantum
628 3703 667 3764 ad
699 3703 779 3763 istud
810 3712 896 3781 patet
925 3701 1118 3763 noscentibus
1144 3701 1234 3762 fidem
1268 3711 1299 3762 et
1322 3698 1529 3762 distinccionem

568 3876 639 3924 CAP
656 3875 696 3922 II.
747 3877 759 3900 ‘¹
777 3891 814 3936 cp.
833 3875 872 3922 ille
888 3889 955 3922 rcere
971 3875 1036 3930 Mea,
1062 3875 1087 3921 in
1104 3889 1121 3920 a
1137 3873 1227 3920 milden-
1242 3873 1316 3936 sorra,
1341 3873 1366 3920 ia
1387 3869 1473 3919 Tricl.
1487 3867 1527 3916 aa·

525 3959 535 3987 '¹
553 3979 590 4025 cp.
609 3961 683 4009 above
697 3975 724 4022 p.
742 3963 789 4010 361
811 3959 828 4007 l.
849 3965 859 4009 l
932 3964 979 4008 ⁰0.
993 3963 1024 4009 72

425 4119 500 4165 CAP.
514 4116 555 4165 II.
587 4112 816 4164 ‘evidenciusus
849 4111 1044 4182 evidenciamd
1112 4109 1203 4160 ’site'
1236 4107 1325 4180 est-ld
1385 4105 1527 4158 ³conlirm2·

355 4201 444 4271 tust
479 4201 667 4252 confirmetisJ
735 4197 911 4264 ⁴incepitGJ
955 4195 1109 4268 inceperitd
1185 4193 1351 4264 ‘movet-lsi
1385 4187 1528 4248 monem-OF
1598 4211 1599 4260 3

356 4285 541 4356 ‘ipsemeth
572 4288 662 4352 ipeeJ
704 4281 1065 4336 'cedetocormoordind
1113 4279 1355 4332 ⁸interimeretul
1386 4268 1524 4336 manerem
