3262 5156
378 608 460 651 LXVI
838 589 980 637 INTROD
986 589 1125 639 UOTION.

379 765 470 820 Nota
483 764 584 820 multi
598 767 678 820 sunt
692 764 749 832 alij
766 763 847 820 libri
855 763 1008 832 Magistri
1015 765 1180 822 Johannli
1191 765 1317 833 wioni,
1333 767 1487 823 videlieet
1499 777 1557 832 pro

501 851 615 918 prium
624 853 828 916 sanatorum,
837 863 1014 906 commune
1028 854 1231 918 sanatorum,
1240 856 1275 909 et
1289 852 1503 921 epistolarum
1515 850 1556 904 de

500 936 718 992 minioalium.
741 937 855 992 llelam
869 940 920 992 est
935 949 1065 992 summa
1081 937 1117 992 in
1132 938 1300 1006 theologia
1314 952 1379 1006 que
1394 939 1430 994 in
1444 935 1557 992 Boemia

501 1022 655 1088 habetur,
678 1035 809 1078 summa
831 1022 868 1078 in
889 1021 1009 1090 logica.
1031 1025 1100 1078 tres
1122 1026 1296 1091 tractatus,
1317 1025 1456 1092 postilla
1476 1032 1557 1088 super

460 1149 464 1158 .
500 1111 605 1163 totam
633 1108 775 1164 bibliam
799 1120 865 1175 que
887 1108 991 1163 hoece
1012 1122 1082 1164 non
1103 1109 1258 1177 habetur,
1285 1113 1319 1166 et
1340 1125 1442 1178 quem
1463 1109 1557 1176 pluma

500 1193 560 1250 alii
587 1194 677 1250 libri.
721 1195 857 1249 Summa
884 1193 1034 1262 ejusdem
1061 1193 1098 1249 in
1123 1195 1294 1264 theologia
1320 1197 1470 1252 eontinet
1494 1193 1557 1248 due

500 1280 618 1335 desem
639 1280 745 1336 libros
767 1279 805 1334 in
825 1292 871 1335 se.
901 1278 1034 1336 Primus
1056 1283 1107 1335 est
1128 1280 1216 1337 liber
1237 1283 1482 1345 mandatorum,
1501 1290 1558 1346 pra

499 1379 695 1433 supponens
723 1369 792 1422 tres
820 1365 926 1420 libros
948 1367 991 1421 de
1013 1365 1162 1423 dominio
1183 1366 1308 1434 divino,
1336 1381 1479 1435 quorum
1499 1375 1557 1431 pro

499 1451 596 1519 loges
619 1451 669 1506 aio
690 1450 819 1518 inelpit.

446 1548 511 1598 Cum
529 1549 639 1614 quilibet
656 1549 823 1599 Christianus.

375 1674 510 1730 Primus
531 1674 620 1730 liber
641 1673 691 1730 sio
711 1672 832 1741 inolplt
853 1676 886 1728 et
907 1673 1009 1729 hebet
1033 1676 1073 1730 19
1096 1688 1192 1742 capp.

446 1773 476 1821 ln
495 1771 630 1822 tractando
648 1771 681 1820 de
699 1770 820 1821 dominio.

377 1897 550 1952 Secundus
573 1897 622 1952 aie
644 1895 765 1964 incipit
787 1900 820 1952 et
842 1896 944 1952 habet
966 1897 985 1951 ‘1
1009 1909 1106 1963 capp.
1138 1981 1140 1988 Ι

445 1995 506 2044 Jam
524 1995 633 2044 vlterius
653 2001 740 2044 restat.

376 2118 515 2174 ‘Peneius
536 2120 586 2176 sle
608 2118 728 2187 inolpit
750 2121 783 2174 et
805 2119 907 2175 habet
929 2121 949 2174 6
971 2131 1069 2187 capp.

445 2216 608 2266 Reddenndo
624 2217 677 2266 iarn
695 2217 775 2266 tercio
793 2216 827 2266 ad
844 2217 987 2267 materiam.
1011 2217 1080 2284 finis.
1098 2216 1228 2267 habentur
1244 2217 1293 2268 hie.

377 2341 480 2398 Liber
501 2341 631 2410 primus
654 2342 696 2397 de
718 2341 885 2398 mandatis
907 2341 956 2398 sio
977 2341 1097 2410 incipit
1118 2345 1151 2398 et
1172 2342 1275 2398 habet
1296 2355 1394 2411 espp.
1416 2345 1466 2398 30.

445 2440 575 2490 Promissa
592 2440 727 2490 sentencia
744 2439 777 2489 de
796 2440 910 2489 dominio
927 2439 955 2488 in
972 2439 1074 2504 quibus.
1103 2441 1172 2507 finis.
1191 2439 1285 2489 dieitur
1301 2439 1396 2490 aliene.

377 2565 552 2620 Secundus
574 2566 617 2620 de
638 2567 729 2620 statu
751 2563 952 2620 innocentie.
976 2577 1073 2633 capp.
1097 2567 1147 2620 10.

446 2662 481 2712 Vt
497 2677 576 2728 supra
594 2662 663 2712 dicta
680 2663 764 2728 aragia
781 2677 822 2728 ap.
852 2663 922 2730 finis.
943 2661 975 2712 de
994 2661 1107 2712 dominio
1124 2662 1283 2712 elericorum.

287 2795 291 2810 ·
375 2768 513 2825 ‘Peneius
535 2768 578 2825 de
600 2769 748 2827 dominio
771 2769 872 2836 olvill,
895 2773 928 2826 et
950 2769 1098 2825 eontinet
1113 2769 1150 2825 in
1164 2783 1200 2826 se
1214 2774 1282 2828 tres
1298 2770 1412 2826 libros.
1442 2767 1555 2824 prmus

498 2854 547 2911 sio
569 2855 697 2924 incipit.
719 2858 763 2910 44
784 2870 881 2924 eapp.

444 2953 591 3003 'iracundo
608 2953 641 3004 de
659 2953 730 3003 ciuili
747 2953 868 3003 dominio.
898 2953 968 3020 fiala
988 2953 1105 3003 conserat
1121 2952 1188 3003 liber
1204 2951 1265 3004 vite.

376 3063 551 3118 Secundus
573 3061 621 3118 sie
643 3061 775 3128 incipit,
796 3065 831 3117 et
852 3063 903 3117 est
921 3065 1063 3128 quartus
1076 3059 1112 3116 in
1128 3059 1255 3126 ordine,
1277 3061 1405 3119 habens
1422 3063 1460 3116 18
1475 3063 1554 3122 capi·

445 3159 520 3209 Licet
537 3159 652 3224 capitulo
670 3161 701 3210 37
709 3158 727 3210 ⁰.
745 3173 864 3225 rogarem
883 3159 1010 3209 obnixius.
1039 3162 1109 3227 fiais.
1129 3158 1290 3208 adversarios
1307 3159 1391 3208 crucis
1408 3156 1504 3210 Christi.

375 3266 513 3323 'l’eroius
535 3265 584 3322 aie
604 3266 734 3335 incipit,
756 3270 790 3323 st
809 3269 860 3323 est
874 3266 1012 3333 quintus
1026 3266 1064 3323 in
1078 3265 1207 3333 ordine,
1229 3265 1405 3323 continens
1420 3267 1459 3321 27
1475 3268 1554 3327 eall·

444 3365 480 3415 Vt
496 3380 574 3432 supra
592 3365 662 3415 dicta
680 3363 790 3430 delego
809 3364 911 3414 Christi.
940 3365 1007 3432 fisis.
1027 3364 1202 3429 procuratoris
1220 3365 1256 3414 sio
1273 3379 1354 3414 orare.

374 3475 496 3528 Sextus
517 3472 560 3529 de
582 3472 720 3528 veritate
742 3485 837 3529 sacre
858 3471 1039 3540 scripture.
1062 3473 1102 3527 81
1126 3484 1223 3541 capp.

444 3571 536 3621 Restat
552 3585 692 3636 parumper
708 3569 846 3620 discutere.
869 3571 937 3638 finis.
956 3569 1072 3620 diffusius
1090 3575 1256 3636 pertractare.

375 3677 543 3746 septimus
565 3678 608 3734 de
630 3677 783 3734 ecelesia.
806 3679 846 3732 28
869 3690 966 3746 eapp.

410 3823 412 3831 ,
444 3775 512 3837 Quia
529 3775 648 3825 nonnulli
665 3776 747 3826 eciam
765 3775 810 3826 illi.
838 3777 907 3843 finis.
925 3775 958 3825 ds
975 3775 1024 3825 isto
1042 3774 1111 3825 alibi.

374 3884 520 3940 octavus
541 3883 584 3940 de
606 3881 716 3939 officio
737 3883 835 3952 regis.
859 3885 899 3938 12
921 3897 1018 3951 capp.

444 3981 641 4047 Consequenter
658 3981 691 4030 ad
709 3981 825 4031 ordinem
843 3981 998 4032 clericalem.
1028 3981 1097 4048 fisis.
1116 3985 1217 4044 partem
1237 3993 1319 4030 suam.

373 4089 493 4146 Nonus
514 4088 556 4146 de
576 4091 743 4158 potestate
764 4103 861 4157 pape.
886 4090 925 4144 13
946 4102 1045 4156 capp.

444 4187 505 4236 lam
522 4186 614 4237 ultimo
632 4193 719 4237 restat.
749 4187 818 4254 finis.
837 4187 958 4238 membris
976 4185 1072 4237 diaboli
1090 4184 1123 4236 ad
1141 4184 1279 4236 infernum.

371 4295 531 4351 Decimus
553 4294 596 4351 de
618 4294 785 4362 symonis.
808 4297 828 4349 8
851 4307 948 4362 oapp.

442 4391 505 4441 Post
522 4393 672 4460 generalem
690 4407 843 4444 sermenem.
872 4394 941 4461 fisis.
959 4398 1039 4444 totam
1058 4391 1195 4444 ecclesiam
1213 4405 1316 4457 semper
1332 4396 1433 4456 regnat.
