3262 5156
339 547 421 604 mv
800 525 1087 578 ruruouuccrou.

340 702 588 770 Responsionee
611 702 655 758 ed
677 703 874 769 argumente
894 702 1068 770 deulpiri
1088 703 1133 758 de
1154 704 1280 759 strode.

409 800 478 862 Quia
495 798 638 849 secundum
656 799 836 865 philosophum
853 806 972 850 saucium
990 807 1030 850 est
1046 800 1228 866 prelionorars.
1245 803 1314 868 fisis.
1333 801 1418 851 tocirie
1431 798 1530 849 ecclesie

458 881 607 946 ceusutiui!

340 995 390 1050 De
411 1007 533 1050 umore.
571 993 681 1058 Quere
701 992 818 1060 plures
840 993 1076 1060 responsiones
1097 993 1133 1050 in
1155 995 1187 1050 d.
1208 995 1232 1062 j.
1254 997 1288 1050 et
1311 1008 1337 1051 e.

409 1091 521 1154 Quidam
539 1090 623 1140 fidelis
640 1090 667 1139 in
685 1090 798 1139 Domino
816 1091 909 1155 querit.
931 1092 1000 1158 fisis.
1020 1091 1122 1142 miserie
1140 1091 1325 1158 dirumpamus.

340 1200 390 1255 De
417 1198 617 1256 seiutetione
645 1197 796 1265 angelice
822 1211 888 1265 que
916 1199 1069 1266 sequitur
1091 1203 1240 1256 esncmm
1263 1199 1457 1256 oracionem
1478 1197 1534 1251 Dc

461 1299 629 1341 mmmm.
1062 1311 1065 1316 ·

410 1383 535 1445 Quemvis
551 1389 640 1432 autem
658 1381 786 1431 salutucio
802 1381 930 1448 angelice
959 1384 1028 1449 fisis.
1047 1398 1105 1433 rose
1122 1383 1322 1450 proprietatibus
1339 1379 1515 1433 senciendum.
1608 1385 1609 1394 ³

340 1492 391 1547 De
412 1490 573 1559 gradibus
595 1487 688 1545 cleri

389 1615 390 1618 ¹
409 1588 522 1651 Quidem
539 1586 663 1637 secularis
679 1587 774 1651 probus
791 1586 839 1636 cel.
862 1589 932 1656 fisis.
951 1587 1129 1653 multipliciter
1144 1589 1218 1638 illurn
1234 1588 1369 1640 mundum.

341 1697 391 1754 De
418 1694 627 1837 dssffifiiim
652 1707 826 1762 nuperum.
863 1695 906 1751 iit
931 1699 981 1753 est
1008 1695 1095 1752 elius
1121 1709 1255 1764 pervus,
1282 1697 1342 1764 qui
1364 1696 1472 1753 eciem
1493 1691 1535 1746 sic

501 1795 556 1848 cp
584 1820 593 1836 .

410 1879 546 1941 quauta
562 1883 724 1928 monstruosa
741 1877 788 1928 dis.
817 1880 887 1945 finis.
908 1878 991 1928 estin
1008 1878 1108 1929 clericis
1125 1879 1177 1929 ium
1195 1880 1331 1945 peruersis.

257 2005 268 2032 κ
341 1988 390 2045 De
412 1985 575 2055 versuciis
597 1985 796 2042 antichristi.

412 2084 539 2147 Quamvis
557 2083 676 2133 diabulus
694 2099 727 2134 ex
744 2085 866 2134 naturali.

342 2192 523 2260 Exposicio
544 2195 669 2257 textus,
690 2191 784 2247 Meti.
806 2191 896 2248 xxiv.

411 2291 480 2352 Quia
497 2290 671 2356 ewangelium
688 2289 765 2339 istud.
794 2291 862 2358 fisis.
880 2291 915 2340 sit
932 2290 1024 2339 melius
1040 2290 1182 2342 intellectu.

412 2376 481 2438 Quis
497 2375 582 2426 clenrs
599 2375 673 2440 regui
690 2375 792 2441 Anglie.
821 2377 890 2442 fisis.
909 2375 1069 2425 rationabilis
1087 2390 1120 2425 ex
1137 2375 1188 2425 lide
1206 2376 1339 2442 scripture.

343 2484 519 2539 Sermones
533 2481 597 2537 XX
619 2482 795 2551 compositi
816 2482 853 2537 in
874 2482 940 2539 fine
962 2482 1029 2539 vite
1051 2497 1121 2540 sue.
1150 2484 1192 2538 ut
1213 2485 1338 2539 debent
1359 2486 1446 2538 sture
1461 2477 1532 2548 post

464 2569 524 2623 xi.
545 2581 732 2625 sermones:
755 2581 858 2636 quere
879 2569 916 2624 in
937 2570 970 2625 h.

411 2667 514 2734 Rogute
531 2681 584 2732 que
601 2667 635 2717 ud
651 2683 743 2734 pacem
761 2683 781 2718 s.
810 2668 880 2734 fisis.

341 2774 543 2831 Differenois
564 2775 652 2831 inter
673 2778 850 2843 peccatum
872 2775 1013 2830 mortulo
1036 2777 1070 2830 et
1092 2775 1233 2832 cemele.

410 2873 503 2923 Restm
519 2889 589 2923 uuuc
606 2872 743 2923 discutere.
772 2874 841 2940 finis.
857 2873 914 2922 sine
931 2871 1079 2922 discrimine
1096 2873 1198 2923 nesciet
1214 2874 1295 2935 (etc).

342 2980 466 3036 contre
464 2979 675 3122 offigionffl
704 2980 871 3048 priuatus,
902 2985 936 3037 et
964 2979 1158 3037 intitulatum
1187 2979 1419 3050 purgatorium
1448 2977 1529 3036 secte

563 3066 599 3122 ti

410 3163 479 3230 Seps
496 3169 657 3230 assumptum
674 3169 715 3214 est
731 3169 760 3213 vt
775 3163 848 3214 fides.
877 3165 947 3232 fluis.
967 3163 1141 3214 irremissibile
1158 3164 1247 3215 multis
1264 3163 1359 3230 regnis.

342 3272 391 3328 De
413 3275 558 3339 quotuor
579 3270 679 3329 sectis
700 3270 848 3327 noueilie
870 3275 1042 3328 eteorum
1064 3271 1235 3329 erroribus
1256 3271 1332 3327 xii.

411 3368 560 3420 Secundum
576 3375 629 3420 tres
645 3370 755 3420 virtutes
771 3369 938 3438 theologicus.
966 3372 1037 3440 fisis.
1056 3369 1090 3419 sd
1107 3369 1217 3420 ecclesie
1233 3369 1444 3436 prodeescudum.
1489 3405 1494 3410 -

342 3477 392 3534 De
414 3477 546 3533 christo
570 3481 604 3534 et
625 3491 686 3534 cuc
708 3478 902 3535 uduerssrio
923 3477 1131 3534 antichristo.

411 3575 560 3625 Secundum
578 3575 718 3626 catholicos
735 3575 846 3626 ecclesie
864 3583 911 3626 est
940 3578 1009 3643 finis.
1029 3591 1045 3625 a
1063 3575 1157 3626 eluisti
1174 3576 1290 3643 vestigiis
1307 3575 1422 3626 deviare.

1606 3502 1609 3537 l

1608 3608 1609 3668 l

342 3686 392 3741 De
413 3683 512 3740 nouis
533 3682 719 3740 ordinibus.
1608 3675 1609 3738 l

411 3781 560 3832 Secundum
578 3779 723 3847 apostolum
741 3781 807 3846 Eph.
825 3781 859 3832 vi.
888 3783 956 3849 fluis.
974 3782 1002 3831 in
1020 3787 1093 3848 purte
1111 3797 1271 3850 cognoscere
1288 3797 1321 3833 ex
1339 3781 1470 3848 scripture¹
1607 3785 1609 3934 ἱ

1608 4165 1609 4228 l

1608 4373 1609 4422 l

1608 4452 1609 4512 l

1608 4588 1609 4613 l

342 3889 590 3957 Responsiones
612 3889 656 3945 ed
677 3888 782 3945 ulium
803 3889 983 3950 doctorem.

411 3985 547 4038 Secundus
572 3987 662 4038 doctor
687 4002 760 4037 meus
781 3986 928 4038 Willelmue
949 3987 1071 4052 Rynnuu.
1100 3987 1169 4054 finis.
1189 3985 1254 4038 libro
1271 3987 1386 4038 secundo
1412 3985 1488 4053 partis
1506 3983 1527 4031 l.

462 4088 537 4140 capp.
556 4073 580 4124 7.

412 4292 422 4324 ¹
439 4291 576 4362 eunucu]
597 4293 685 4358 muni,
703 4293 757 4346 ue.
