<?xml version="1.0" encoding="UTF-8"?>
<!DOCTYPE html PUBLIC "-//W3C//DTD XHTML 1.0 Transitional//EN"
    "http://www.w3.org/TR/xhtml1/DTD/xhtml1-transitional.dtd">
<html xmlns="http://www.w3.org/1999/xhtml" xml:lang="en" lang="en">
 <head>
  <title>
</title>
<meta http-equiv="Content-Type" content="text/html;charset=utf-8" />
  <meta name='ocr-system' content='tesseract 3.04.00' />
  <meta name='ocr-capabilities' content='ocr_page ocr_carea ocr_par ocr_line ocrx_word'/>
</head>
<body>
  <div class='ocr_page' id='page_1' title='image "./johnwiclifspole01wyclgoog_0493.png"; bbox 0 0 3248 5138; ppageno 0'>
   <div class='ocr_carea' id='block_1_1' title="bbox 340 570 1518 642">
    <p class='ocr_par' dir='ltr' id='par_1_1' title="bbox 340 570 1518 642">
     <span class='ocr_line' id='line_1_1' title="bbox 340 570 1518 642; baseline -0.016 -2"><span class='ocrx_word' id='word_1_1' title='bbox 340 575 401 640; x_wconf 74' lang='lat'>372</span> <span class='ocrx_word' id='word_1_2' title='bbox 759 570 950 625; x_wconf 68' lang='lat' dir='ltr'>Jounuurs</span> <span class='ocrx_word' id='word_1_3' title='bbox 973 572 1111 638; x_wconf 71' lang='lat' dir='ltr'>urnam,</span> <span class='ocrx_word' id='word_1_4' title='bbox 1422 571 1518 642; x_wconf 56' lang='lat' dir='ltr'>[apr</span> 
     </span>
    </p>
   </div>
   <div class='ocr_carea' id='block_1_2' title="bbox 337 748 1555 3202">
    <p class='ocr_par' dir='ltr' id='par_1_2' title="bbox 337 748 1553 2377">
     <span class='ocr_line' id='line_1_2' title="bbox 339 748 1515 831; baseline -0.003 -19"><span class='ocrx_word' id='word_1_5' title='bbox 339 751 462 813; x_wconf 91' lang='lat' dir='ltr'>heretici</span> <span class='ocrx_word' id='word_1_6' title='bbox 484 751 596 831; x_wconf 81' lang='lat' dir='ltr'>ydiota,</span> <span class='ocrx_word' id='word_1_7' title='bbox 620 769 689 811; x_wconf 90' lang='lat' dir='ltr'>cnm</span> <span class='ocrx_word' id='word_1_8' title='bbox 711 749 768 830; x_wconf 87' lang='lat' dir='ltr'>ipsi</span> <span class='ocrx_word' id='word_1_9' title='bbox 790 771 850 811; x_wconf 89' lang='lat' dir='ltr'>non</span> <span class='ocrx_word' id='word_1_10' title='bbox 866 751 966 813; x_wconf 88' lang='lat' dir='ltr'>sciunt</span> <span class='ocrx_word' id='word_1_11' title='bbox 984 771 1103 812; x_wconf 90' lang='lat' dir='ltr'>sensum</span> <span class='ocrx_word' id='word_1_12' title='bbox 1125 751 1283 830; x_wconf 77' lang='lat' dir='ltr'>scripture,</span> <span class='ocrx_word' id='word_1_13' title='bbox 1307 749 1361 810; x_wconf 89' lang='lat' dir='ltr'>sed</span> <span class='ocrx_word' id='word_1_14' title='bbox 1375 748 1515 810; x_wconf 75' lang='lat' dir='ltr'>thesaurus</span> 
     </span>
     <span class='ocr_line' id='line_1_3' title="bbox 339 849 1516 934; baseline -0.003 -19"><span class='ocrx_word' id='word_1_15' title='bbox 339 875 443 916; x_wconf 86' lang='lat' dir='ltr'>sensus</span> <span class='ocrx_word' id='word_1_16' title='bbox 465 854 578 915; x_wconf 88' lang='lat' dir='ltr'>domini</span> <span class='ocrx_word' id='word_1_17' title='bbox 600 863 646 914; x_wconf 91' lang='lat' dir='ltr'>est</span> <span class='ocrx_word' id='word_1_18' title='bbox 667 853 861 915; x_wconf 87' lang='lat' dir='ltr'>absconditus</span> <span class='ocrx_word' id='word_1_19' title='bbox 883 855 966 934; x_wconf 88' lang='lat' dir='ltr'>apud</span> <span class='ocrx_word' id='word_1_20' title='bbox 988 854 1106 915; x_wconf 87' lang='lat' dir='ltr'>fratres.</span> <span class='ocrx_word' id='word_1_21' title='bbox 1152 853 1194 915; x_wconf 87' lang='lat' dir='ltr'>Et</span> <span class='ocrx_word' id='word_1_22' title='bbox 1219 855 1261 914; x_wconf 90' lang='lat' dir='ltr'>sic</span> <span class='ocrx_word' id='word_1_23' title='bbox 1285 873 1354 914; x_wconf 92' lang='lat' dir='ltr'>cum</span> <span class='ocrx_word' id='word_1_24' title='bbox 1377 849 1516 914; x_wconf 82' lang='lat' dir='ltr'>clamosis’</span> 
     </span>
     <span class='ocr_line' id='line_1_4' title="bbox 338 955 1514 1038; baseline -0.003 -20"><span class='ocrx_word' id='word_1_25' title='bbox 338 969 369 1018; x_wconf 89' lang='lat' dir='ltr'>et</span> <span class='ocrx_word' id='word_1_26' title='bbox 395 958 509 1018; x_wconf 88' lang='lat' dir='ltr'>ornatis</span> <span class='ocrx_word' id='word_1_27' title='bbox 539 957 745 1018; x_wconf 77' lang='lat' dir='ltr'>sermonibus⁰</span> <span class='ocrx_word' id='word_1_28' title='bbox 776 968 921 1038; x_wconf 87' lang='lat' dir='ltr'>superant</span> <span class='ocrx_word' id='word_1_29' title='bbox 947 956 1077 1030; x_wconf 78' lang='lat' dir='ltr'>fideles,³</span> <span class='ocrx_word' id='word_1_30' title='bbox 1100 958 1151 1038; x_wconf 91' lang='lat' dir='ltr'>qui</span> <span class='ocrx_word' id='word_1_31' title='bbox 1174 958 1310 1018; x_wconf 85' lang='lat' dir='ltr'>dicerent</span> <span class='ocrx_word' id='word_1_32' title='bbox 1332 977 1445 1016; x_wconf 86' lang='lat' dir='ltr'>sensum</span> <span class='ocrx_word' id='word_1_33' title='bbox 1466 955 1514 1025; x_wconf 86' lang='lat' dir='ltr'>dei,</span> 
     </span>
     <span class='ocr_line' id='line_1_5' title="bbox 339 1058 1516 1140; baseline -0.003 -20"><span class='ocrx_word' id='word_1_34' title='bbox 339 1071 369 1121; x_wconf 89' lang='lat' dir='ltr'>et</span> <span class='ocrx_word' id='word_1_35' title='bbox 399 1059 452 1120; x_wconf 91' lang='lat' dir='ltr'>ubi</span> <span class='ocrx_word' id='word_1_36' title='bbox 487 1061 561 1120; x_wconf 89' lang='lat' dir='ltr'>deus</span> <span class='ocrx_word' id='word_1_37' title='bbox 591 1059 644 1122; x_wconf 84' lang='lat' dir='ltr'>ult</span> <span class='ocrx_word' id='word_1_38' title='bbox 673 1058 786 1121; x_wconf 91' lang='lat' dir='ltr'>habere</span> <span class='ocrx_word' id='word_1_39' title='bbox 804 1061 962 1140; x_wconf 89' lang='lat' dir='ltr'>simplices</span> <span class='ocrx_word' id='word_1_40' title='bbox 985 1071 1016 1121; x_wconf 93' lang='lat' dir='ltr'>et</span> <span class='ocrx_word' id='word_1_41' title='bbox 1036 1061 1124 1121; x_wconf 88' lang='lat' dir='ltr'>mites</span> <span class='ocrx_word' id='word_1_42' title='bbox 1147 1061 1299 1121; x_wconf 88' lang='lat' dir='ltr'>adiutores</span> <span class='ocrx_word' id='word_1_43' title='bbox 1321 1061 1437 1120; x_wconf 90' lang='lat' dir='ltr'>dicente</span> <span class='ocrx_word' id='word_1_44' title='bbox 1456 1079 1516 1138; x_wconf 80' lang='lat' dir='ltr'>apo</span> 
     </span>
     <span class='ocr_line' id='line_1_6' title="bbox 337 1159 1549 1238; baseline -0.003 -14"><span class='ocrx_word' id='word_1_45' title='bbox 337 1164 415 1224; x_wconf 90' lang='lat' dir='ltr'>stolo</span> <span class='ocrx_word' id='word_1_46' title='bbox 441 1163 458 1224; x_wconf 94' lang='lat' dir='ltr'><em>I</em></span> <span class='ocrx_word' id='word_1_47' title='bbox 480 1163 550 1224; x_wconf 80' lang='lat' dir='ltr'>Cor.</span> <span class='ocrx_word' id='word_1_48' title='bbox 573 1159 701 1224; x_wconf 62' lang='lat' dir='ltr'>terciol:</span> <span class='ocrx_word' id='word_1_49' title='bbox 733 1163 780 1224; x_wconf 89' lang='lat' dir='ltr'>dei</span> <span class='ocrx_word' id='word_1_50' title='bbox 804 1164 956 1225; x_wconf 90' lang='lat' dir='ltr'>adiutores</span> <span class='ocrx_word' id='word_1_51' title='bbox 978 1184 1090 1238; x_wconf 86' lang='lat' dir='ltr'>sumus,</span> <span class='ocrx_word' id='word_1_52' title='bbox 1114 1165 1170 1224; x_wconf 87' lang='lat' dir='ltr'>istc</span> <span class='ocrx_word' id='word_1_53' title='bbox 1192 1173 1273 1224; x_wconf 83' lang='lat' dir='ltr'>secte</span> <span class='ocrx_word' id='word_1_54' title='bbox 1294 1162 1405 1234; x_wconf 80' lang='lat' dir='ltr'>invide,</span> <span class='ocrx_word' id='word_1_55' title='bbox 1427 1171 1549 1221; x_wconf 70' lang='lat' dir='ltr'>concas</span> 
     </span>
     <span class='ocr_line' id='line_1_7' title="bbox 338 1265 1518 1348; baseline -0.003 -22"><span class='ocrx_word' id='word_1_56' title='bbox 338 1267 473 1327; x_wconf 87' lang='lat' dir='ltr'>caritatis</span> <span class='ocrx_word' id='word_1_57' title='bbox 495 1265 615 1344; x_wconf 83' lang='lat' dir='ltr'>regulas</span> <span class='ocrx_word' id='word_1_58' title='bbox 637 1277 796 1348; x_wconf 78' lang='lat' dir='ltr'>querentes</span> <span class='ocrx_word' id='word_1_59' title='bbox 818 1267 936 1328; x_wconf 89' lang='lat' dir='ltr'>lucrum</span> <span class='ocrx_word' id='word_1_60' title='bbox 950 1268 1116 1346; x_wconf 87' lang='lat' dir='ltr'>proprium,</span> <span class='ocrx_word' id='word_1_61' title='bbox 1139 1266 1362 1338; x_wconf 75' lang='lat' dir='ltr'>machinantur,</span> <span class='ocrx_word' id='word_1_62' title='bbox 1385 1265 1518 1346; x_wconf 89' lang='lat' dir='ltr'>quomodo</span> 
     </span>
     <span class='ocr_line' id='line_1_8' title="bbox 339 1369 1517 1451; baseline -0.002 -23"><span class='ocrx_word' id='word_1_63' title='bbox 339 1369 565 1430; x_wconf 89' lang='lat' dir='ltr'>substernerent</span> <span class='ocrx_word' id='word_1_64' title='bbox 586 1369 758 1430; x_wconf 78' lang='lat' dir='ltr'>sacerdotes</span> <span class='ocrx_word' id='word_1_65' title='bbox 780 1370 892 1441; x_wconf 67' lang='lat' dir='ltr'>fideles</span> <span class='ocrx_word' id='word_1_66' title='bbox 926 1371 977 1451; x_wconf 93' lang='lat' dir='ltr'>qui</span> <span class='ocrx_word' id='word_1_67' title='bbox 999 1371 1107 1432; x_wconf 84' lang='lat' dir='ltr'>volunt</span> <span class='ocrx_word' id='word_1_68' title='bbox 1129 1389 1195 1430; x_wconf 88' lang='lat' dir='ltr'>aeae</span> <span class='ocrx_word' id='word_1_69' title='bbox 1217 1370 1384 1430; x_wconf 89' lang='lat' dir='ltr'>secuudum</span> <span class='ocrx_word' id='word_1_70' title='bbox 1406 1369 1517 1428; x_wconf 83' lang='lat' dir='ltr'>sormam</span> 
     </span>
     <span class='ocr_line' id='line_1_9' title="bbox 338 1471 1519 1552; baseline -0.003 -19"><span class='ocrx_word' id='word_1_71' title='bbox 338 1472 495 1550; x_wconf 86' lang='lat' dir='ltr'>euangelii</span> <span class='ocrx_word' id='word_1_72' title='bbox 526 1472 575 1532; x_wconf 93' lang='lat' dir='ltr'>dei</span> <span class='ocrx_word' id='word_1_73' title='bbox 606 1473 767 1545; x_wconf 89' lang='lat' dir='ltr'>adiutores,</span> <span class='ocrx_word' id='word_1_74' title='bbox 799 1473 939 1552; x_wconf 87' lang='lat' dir='ltr'>discipuli</span> <span class='ocrx_word' id='word_1_75' title='bbox 967 1474 1124 1546; x_wconf 72' lang='lat' dir='ltr'>anticristi,</span> <span class='ocrx_word' id='word_1_76' title='bbox 1157 1483 1188 1533; x_wconf 91' lang='lat' dir='ltr'>et</span> <span class='ocrx_word' id='word_1_77' title='bbox 1217 1473 1372 1533; x_wconf 89' lang='lat' dir='ltr'>adiutores</span> <span class='ocrx_word' id='word_1_78' title='bbox 1401 1471 1519 1550; x_wconf 85' lang='lat' dir='ltr'>dyaboli.</span> 
     </span>
     <span class='ocr_line' id='line_1_10' title="bbox 339 1573 1521 1656; baseline -0.003 -20"><span class='ocrx_word' id='word_1_79' title='bbox 339 1575 388 1636; x_wconf 86' lang='lat' dir='ltr'>vel</span> <span class='ocrx_word' id='word_1_80' title='bbox 420 1576 519 1636; x_wconf 86' lang='lat' dir='ltr'>verius</span> <span class='ocrx_word' id='word_1_81' title='bbox 549 1576 717 1654; x_wconf 73' lang='lat' dir='ltr'>proditores</span> <span class='ocrx_word' id='word_1_82' title='bbox 747 1576 796 1637; x_wconf 92' lang='lat' dir='ltr'>dei</span> <span class='ocrx_word' id='word_1_83' title='bbox 826 1586 858 1637; x_wconf 91' lang='lat' dir='ltr'>et</span> <span class='ocrx_word' id='word_1_84' title='bbox 887 1573 1016 1656; x_wconf 71' lang='lat' dir='ltr'>partim*</span> <span class='ocrx_word' id='word_1_85' title='bbox 1048 1575 1172 1656; x_wconf 77' lang='lat' dir='ltr'>dyaboli</span> <span class='ocrx_word' id='word_1_86' title='bbox 1203 1577 1432 1656; x_wconf 84' lang='lat' dir='ltr'>depravatores,</span> <span class='ocrx_word' id='word_1_87' title='bbox 1461 1575 1521 1654; x_wconf 87' lang='lat' dir='ltr'>quia</span> 
     </span>
     <span class='ocr_line' id='line_1_11' title="bbox 340 1677 1553 1758; baseline -0.002 -20"><span class='ocrx_word' id='word_1_88' title='bbox 340 1679 478 1756; x_wconf 86' lang='lat' dir='ltr'>augendo</span> <span class='ocrx_word' id='word_1_89' title='bbox 501 1678 678 1757; x_wconf 82' lang='lat' dir='ltr'>qualitatem</span> <span class='ocrx_word' id='word_1_90' title='bbox 702 1679 797 1758; x_wconf 91' lang='lat' dir='ltr'>partis</span> <span class='ocrx_word' id='word_1_91' title='bbox 819 1679 942 1758; x_wconf 89' lang='lat' dir='ltr'>dyaboli</span> <span class='ocrx_word' id='word_1_92' title='bbox 965 1691 1076 1740; x_wconf 87' lang='lat' dir='ltr'>nocent</span> <span class='ocrx_word' id='word_1_93' title='bbox 1097 1679 1163 1740; x_wconf 90' lang='lat' dir='ltr'>sibi.</span> <span class='ocrx_word' id='word_1_94' title='bbox 1193 1679 1236 1740; x_wconf 88' lang='lat' dir='ltr'>Et</span> <span class='ocrx_word' id='word_1_95' title='bbox 1257 1681 1336 1740; x_wconf 89' lang='lat' dir='ltr'>sicut</span> <span class='ocrx_word' id='word_1_96' title='bbox 1358 1677 1519 1739; x_wconf 84' lang='lat' dir='ltr'>subvertunt</span> <span class='ocrx_word' id='word_1_97' title='bbox 1529 1689 1553 1730; x_wconf 80' lang='lat'>¹⁰</span> 
     </span>
     <span class='ocr_line' id='line_1_12' title="bbox 340 1780 1520 1860; baseline -0.003 -18"><span class='ocrx_word' id='word_1_98' title='bbox 340 1780 650 1858; x_wconf 81' lang='lat' dir='ltr'>ewangeliaacionem,</span> <span class='ocrx_word' id='word_1_99' title='bbox 674 1783 816 1842; x_wconf 84' lang='lat' dir='ltr'>contrarii</span> <span class='ocrx_word' id='word_1_100' title='bbox 838 1781 899 1860; x_wconf 88' lang='lat' dir='ltr'>legi</span> <span class='ocrx_word' id='word_1_101' title='bbox 922 1791 953 1842; x_wconf 88' lang='lat' dir='ltr'>et</span> <span class='ocrx_word' id='word_1_102' title='bbox 973 1783 1071 1843; x_wconf 89' lang='lat' dir='ltr'>ordini</span> <span class='ocrx_word' id='word_1_103' title='bbox 1093 1782 1163 1843; x_wconf 91' lang='lat' dir='ltr'>Iesu</span> <span class='ocrx_word' id='word_1_104' title='bbox 1186 1781 1286 1854; x_wconf 83' lang='lat' dir='ltr'>Cristi,</span> <span class='ocrx_word' id='word_1_105' title='bbox 1310 1784 1353 1843; x_wconf 92' lang='lat' dir='ltr'>sic</span> <span class='ocrx_word' id='word_1_106' title='bbox 1376 1794 1444 1842; x_wconf 88' lang='lat' dir='ltr'>sunt</span> <span class='ocrx_word' id='word_1_107' title='bbox 1463 1801 1520 1841; x_wconf 88' lang='lat' dir='ltr'>con·</span> 
     </span>
     <span class='ocr_line' id='line_1_13' title="bbox 340 1883 1521 1965; baseline -0.002 -21"><span class='ocrx_word' id='word_1_108' title='bbox 340 1884 424 1944; x_wconf 87' lang='lat' dir='ltr'>trarii</span> <span class='ocrx_word' id='word_1_109' title='bbox 447 1884 501 1944; x_wconf 90' lang='lat' dir='ltr'>toti</span> <span class='ocrx_word' id='word_1_110' title='bbox 524 1885 660 1959; x_wconf 88' lang='lat' dir='ltr'>ecclesie,</span> <span class='ocrx_word' id='word_1_111' title='bbox 684 1885 780 1946; x_wconf 87' lang='lat' dir='ltr'>eciam</span> <span class='ocrx_word' id='word_1_112' title='bbox 803 1884 859 1945; x_wconf 94' lang='lat' dir='ltr'>sibi</span> <span class='ocrx_word' id='word_1_113' title='bbox 880 1886 962 1965; x_wconf 88' lang='lat' dir='ltr'>ipsis,</span> <span class='ocrx_word' id='word_1_114' title='bbox 986 1896 1017 1946; x_wconf 87' lang='lat' dir='ltr'>ct</span> <span class='ocrx_word' id='word_1_115' title='bbox 1031 1883 1160 1946; x_wconf 77' lang='lat' dir='ltr'>multos⁶</span> <span class='ocrx_word' id='word_1_116' title='bbox 1182 1885 1316 1946; x_wconf 86' lang='lat' dir='ltr'>fautores</span> <span class='ocrx_word' id='word_1_117' title='bbox 1339 1885 1458 1954; x_wconf 87' lang='lat' dir='ltr'>habent,</span> <span class='ocrx_word' id='word_1_118' title='bbox 1479 1884 1521 1963; x_wconf 92' lang='lat' dir='ltr'>qui</span> 
     </span>
     <span class='ocr_line' id='line_1_14' title="bbox 340 1987 1521 2068; baseline 0 -21"><span class='ocrx_word' id='word_1_119' title='bbox 340 1997 375 2047; x_wconf 91' lang='lat' dir='ltr'>ut</span> <span class='ocrx_word' id='word_1_120' title='bbox 404 1989 446 2047; x_wconf 92' lang='lat' dir='ltr'>sic</span> <span class='ocrx_word' id='word_1_121' title='bbox 477 1997 547 2048; x_wconf 91' lang='lat' dir='ltr'>sunt</span> <span class='ocrx_word' id='word_1_122' title='bbox 578 1987 719 2067; x_wconf 90' lang='lat' dir='ltr'>discipuli</span> <span class='ocrx_word' id='word_1_123' title='bbox 741 1989 887 2048; x_wconf 83' lang='lat' dir='ltr'>anticristi</span> <span class='ocrx_word' id='word_1_124' title='bbox 908 1989 959 2050; x_wconf 88' lang='lat' dir='ltr'>vel</span> <span class='ocrx_word' id='word_1_125' title='bbox 979 1988 1088 2067; x_wconf 85' lang='lat' dir='ltr'>ignari.</span> <span class='ocrx_word' id='word_1_126' title='bbox 1133 1988 1196 2068; x_wconf 92' lang='lat' dir='ltr'>Ipsi</span> <span class='ocrx_word' id='word_1_127' title='bbox 1218 1999 1320 2050; x_wconf 90' lang='lat' dir='ltr'>autem</span> <span class='ocrx_word' id='word_1_128' title='bbox 1343 1988 1427 2049; x_wconf 90' lang='lat' dir='ltr'>stulti</span> <span class='ocrx_word' id='word_1_129' title='bbox 1448 1988 1521 2048; x_wconf 85' lang='lat' dir='ltr'>disci·</span> 
     </span>
     <span class='ocr_line' id='line_1_15' title="bbox 340 2089 1521 2171; baseline -0.001 -21"><span class='ocrx_word' id='word_1_130' title='bbox 340 2089 405 2170; x_wconf 93' lang='lat' dir='ltr'>puli</span> <span class='ocrx_word' id='word_1_131' title='bbox 436 2090 583 2150; x_wconf 88' lang='lat' dir='ltr'>anticristi</span> <span class='ocrx_word' id='word_1_132' title='bbox 609 2100 720 2151; x_wconf 88' lang='lat' dir='ltr'>nocent</span> <span class='ocrx_word' id='word_1_133' title='bbox 749 2091 963 2152; x_wconf 87' lang='lat' dir='ltr'>insensibiliter</span> <span class='ocrx_word' id='word_1_134' title='bbox 984 2091 1040 2152; x_wconf 92' lang='lat' dir='ltr'>sibi</span> <span class='ocrx_word' id='word_1_135' title='bbox 1062 2093 1144 2171; x_wconf 88' lang='lat' dir='ltr'>ipsis,</span> <span class='ocrx_word' id='word_1_136' title='bbox 1176 2113 1244 2153; x_wconf 90' lang='lat' dir='ltr'>cnm</span> <span class='ocrx_word' id='word_1_137' title='bbox 1273 2089 1397 2152; x_wconf 78' lang='lat' dir='ltr'>dicant⁶</span> <span class='ocrx_word' id='word_1_138' title='bbox 1417 2103 1521 2171; x_wconf 83' lang='lat' dir='ltr'>partem</span> 
     </span>
     <span class='ocr_line' id='line_1_16' title="bbox 341 2191 1553 2271; baseline 0 -19"><span class='ocrx_word' id='word_1_139' title='bbox 341 2191 465 2271; x_wconf 87' lang='lat' dir='ltr'>dyaboli</span> <span class='ocrx_word' id='word_1_140' title='bbox 486 2203 517 2252; x_wconf 90' lang='lat' dir='ltr'>et</span> <span class='ocrx_word' id='word_1_141' title='bbox 538 2193 703 2254; x_wconf 81' lang='lat' dir='ltr'>fortificant</span> <span class='ocrx_word' id='word_1_142' title='bbox 724 2203 830 2254; x_wconf 88' lang='lat' dir='ltr'>contra</span> <span class='ocrx_word' id='word_1_143' title='bbox 852 2193 994 2256; x_wconf 87' lang='lat' dir='ltr'>Cristum.</span> <span class='ocrx_word' id='word_1_144' title='bbox 1039 2196 1118 2254; x_wconf 88' lang='lat' dir='ltr'>Nam</span> <span class='ocrx_word' id='word_1_145' title='bbox 1146 2194 1228 2254; x_wconf 85' lang='lat' dir='ltr'>fideli</span> <span class='ocrx_word' id='word_1_146' title='bbox 1250 2215 1311 2254; x_wconf 89' lang='lat' dir='ltr'>non</span> <span class='ocrx_word' id='word_1_147' title='bbox 1333 2207 1379 2255; x_wconf 91' lang='lat' dir='ltr'>est</span> <span class='ocrx_word' id='word_1_148' title='bbox 1400 2193 1521 2260; x_wconf 90' lang='lat' dir='ltr'>dubium,</span> <span class='ocrx_word' id='word_1_149' title='bbox 1530 2201 1553 2244; x_wconf 74' lang='lat'>¹⁵</span> 
     </span>
     <span class='ocr_line' id='line_1_17' title="bbox 341 2295 1214 2377; baseline 0.003 -22"><span class='ocrx_word' id='word_1_150' title='bbox 341 2297 413 2375; x_wconf 91' lang='lat' dir='ltr'>quin</span> <span class='ocrx_word' id='word_1_151' title='bbox 435 2296 568 2358; x_wconf 90' lang='lat' dir='ltr'>militans</span> <span class='ocrx_word' id='word_1_152' title='bbox 591 2295 720 2357; x_wconf 87' lang='lat' dir='ltr'>ecclesia</span> <span class='ocrx_word' id='word_1_153' title='bbox 741 2298 779 2357; x_wconf 88' lang='lat' dir='ltr'>sit</span> <span class='ocrx_word' id='word_1_154' title='bbox 801 2297 908 2358; x_wconf 87' lang='lat' dir='ltr'>domus</span> <span class='ocrx_word' id='word_1_155' title='bbox 929 2298 1043 2358; x_wconf 90' lang='lat' dir='ltr'>domini</span> <span class='ocrx_word' id='word_1_156' title='bbox 1065 2297 1214 2377; x_wconf 89' lang='lat' dir='ltr'>specialis.</span> 
     </span>
    </p>

    <p class='ocr_par' dir='ltr' id='par_1_3' title="bbox 339 2397 1555 2768">
     <span class='ocr_line' id='line_1_18' title="bbox 426 2397 1522 2477; baseline 0.002 -19"><span class='ocrx_word' id='word_1_157' title='bbox 426 2397 544 2473; x_wconf 75' lang='lat' dir='ltr'>Querat</span> <span class='ocrx_word' id='word_1_158' title='bbox 574 2420 645 2477; x_wconf 86' lang='lat' dir='ltr'>ergo</span> <span class='ocrx_word' id='word_1_159' title='bbox 675 2399 773 2460; x_wconf 89' lang='lat' dir='ltr'>fidelis</span> <span class='ocrx_word' id='word_1_160' title='bbox 804 2421 822 2460; x_wconf 88' lang='lat' dir='ltr'>a</span> <span class='ocrx_word' id='word_1_161' title='bbox 853 2399 1006 2474; x_wconf 82' lang='lat' dir='ltr'>fratribus,</span> <span class='ocrx_word' id='word_1_162' title='bbox 1040 2421 1078 2461; x_wconf 85' lang='lat' dir='ltr'>ex</span> <span class='ocrx_word' id='word_1_163' title='bbox 1101 2402 1187 2461; x_wconf 89' lang='lat' dir='ltr'>cuius</span> <span class='ocrx_word' id='word_1_164' title='bbox 1213 2400 1342 2461; x_wconf 85' lang='lat' dir='ltr'>licencia</span> <span class='ocrx_word' id='word_1_165' title='bbox 1364 2397 1410 2461; x_wconf 79' lang='lat' dir='ltr'>et⁷</span> <span class='ocrx_word' id='word_1_166' title='bbox 1434 2409 1522 2460; x_wconf 83' lang='lat' dir='ltr'>aucto</span> 
     </span>
     <span class='ocr_line' id='line_1_19' title="bbox 339 2502 1523 2584; baseline -0.002 -23"><span class='ocrx_word' id='word_1_167' title='bbox 339 2502 428 2561; x_wconf 87' lang='lat' dir='ltr'>ritate</span> <span class='ocrx_word' id='word_1_168' title='bbox 458 2502 489 2561; x_wconf 91' lang='lat' dir='ltr'>iu</span> <span class='ocrx_word' id='word_1_169' title='bbox 521 2502 643 2562; x_wconf 90' lang='lat' dir='ltr'>domum</span> <span class='ocrx_word' id='word_1_170' title='bbox 667 2503 780 2563; x_wconf 89' lang='lat' dir='ltr'>domini</span> <span class='ocrx_word' id='word_1_171' title='bbox 802 2502 1021 2577; x_wconf 88' lang='lat' dir='ltr'>subintrarunt,</span> <span class='ocrx_word' id='word_1_172' title='bbox 1053 2525 1122 2565; x_wconf 90' lang='lat' dir='ltr'>cum</span> <span class='ocrx_word' id='word_1_173' title='bbox 1144 2503 1275 2584; x_wconf 81' lang='lat' dir='ltr'>simplex</span> <span class='ocrx_word' id='word_1_174' title='bbox 1297 2514 1386 2583; x_wconf 88' lang='lat' dir='ltr'>pater</span> <span class='ocrx_word' id='word_1_175' title='bbox 1406 2502 1523 2563; x_wconf 85' lang='lat' dir='ltr'>familias</span> 
     </span>
     <span class='ocr_line' id='line_1_20' title="bbox 340 2604 1522 2685; baseline -0.001 -22"><span class='ocrx_word' id='word_1_176' title='bbox 340 2604 474 2683; x_wconf 85' lang='lat' dir='ltr'>graviter</span> <span class='ocrx_word' id='word_1_177' title='bbox 495 2604 596 2678; x_wconf 85' lang='lat' dir='ltr'>ferret,</span> <span class='ocrx_word' id='word_1_178' title='bbox 619 2606 699 2685; x_wconf 90' lang='lat' dir='ltr'>quod</span> <span class='ocrx_word' id='word_1_179' title='bbox 722 2607 860 2666; x_wconf 85' lang='lat' dir='ltr'>extranei</span> <span class='ocrx_word' id='word_1_180' title='bbox 881 2607 1030 2666; x_wconf 88' lang='lat' dir='ltr'>intrarent</span> <span class='ocrx_word' id='word_1_181' title='bbox 1050 2627 1156 2667; x_wconf 89' lang='lat' dir='ltr'>cenam</span> <span class='ocrx_word' id='word_1_182' title='bbox 1172 2627 1294 2668; x_wconf 87' lang='lat' dir='ltr'>suorum</span> <span class='ocrx_word' id='word_1_183' title='bbox 1311 2605 1522 2667; x_wconf 83' lang='lat' dir='ltr'>comedenciuru</span> 
     </span>
     <span class='ocr_line' id='line_1_21' title="bbox 340 2704 1555 2768; baseline -0.007 -2"><span class='ocrx_word' id='word_1_184' title='bbox 340 2704 515 2768; x_wconf 79' lang='lat' dir='ltr'>illicenter.⁸</span> <span class='ocrx_word' id='word_1_185' title='bbox 1530 2717 1555 2759; x_wconf 76' lang='lat' dir='ltr'>ro</span> 
     </span>
    </p>

    <p class='ocr_par' dir='ltr' id='par_1_4' title="bbox 342 2808 1527 3202">
     <span class='ocr_line' id='line_1_22' title="bbox 427 2808 1524 2889; baseline 0 -20"><span class='ocrx_word' id='word_1_186' title='bbox 427 2809 587 2886; x_wconf 73' lang='lat' dir='ltr'>Quomodo</span> <span class='ocrx_word' id='word_1_187' title='bbox 618 2831 689 2889; x_wconf 83' lang='lat' dir='ltr'>ergo</span> <span class='ocrx_word' id='word_1_188' title='bbox 721 2811 884 2871; x_wconf 87' lang='lat' dir='ltr'>introducti</span> <span class='ocrx_word' id='word_1_189' title='bbox 915 2821 985 2870; x_wconf 91' lang='lat' dir='ltr'>sunt</span> <span class='ocrx_word' id='word_1_190' title='bbox 1011 2810 1088 2871; x_wconf 88' lang='lat' dir='ltr'>tales</span> <span class='ocrx_word' id='word_1_191' title='bbox 1110 2811 1219 2873; x_wconf 84' lang='lat' dir='ltr'>fratres</span> <span class='ocrx_word' id='word_1_192' title='bbox 1242 2808 1435 2873; x_wconf 83' lang='lat' dir='ltr'>hillerantes⁹</span> <span class='ocrx_word' id='word_1_193' title='bbox 1456 2813 1524 2872; x_wconf 91' lang='lat' dir='ltr'>inur-</span> 
     </span>
     <span class='ocr_line' id='line_1_23' title="bbox 342 2913 1526 2995; baseline -0.002 -21"><span class='ocrx_word' id='word_1_194' title='bbox 342 2913 420 2974; x_wconf 88' lang='lat' dir='ltr'>bane</span> <span class='ocrx_word' id='word_1_195' title='bbox 451 2922 482 2973; x_wconf 91' lang='lat' dir='ltr'>et</span> <span class='ocrx_word' id='word_1_196' title='bbox 503 2913 672 2992; x_wconf 88' lang='lat' dir='ltr'>sophistice,</span> <span class='ocrx_word' id='word_1_197' title='bbox 705 2935 773 2974; x_wconf 87' lang='lat' dir='ltr'>cum</span> <span class='ocrx_word' id='word_1_198' title='bbox 803 2923 983 2974; x_wconf 88' lang='lat' dir='ltr'>consumunt</span> <span class='ocrx_word' id='word_1_199' title='bbox 1005 2915 1186 2993; x_wconf 87' lang='lat' dir='ltr'>temporalia</span> <span class='ocrx_word' id='word_1_200' title='bbox 1208 2926 1238 2976; x_wconf 86' lang='lat' dir='ltr'>et</span> <span class='ocrx_word' id='word_1_201' title='bbox 1260 2917 1458 2995; x_wconf 78' lang='lat' dir='ltr'>sophisticam</span> <span class='ocrx_word' id='word_1_202' title='bbox 1476 2913 1526 2993; x_wconf 88' lang='lat' dir='ltr'>spi·</span> 
     </span>
     <span class='ocr_line' id='line_1_24' title="bbox 342 3015 1527 3095; baseline -0.001 -19"><span class='ocrx_word' id='word_1_203' title='bbox 342 3016 464 3077; x_wconf 86' lang='lat' dir='ltr'>ritualia</span> <span class='ocrx_word' id='word_1_204' title='bbox 486 3016 612 3077; x_wconf 87' lang='lat' dir='ltr'>ecclesie</span> <span class='ocrx_word' id='word_1_205' title='bbox 634 3017 800 3077; x_wconf 89' lang='lat' dir='ltr'>militantis.</span> <span class='ocrx_word' id='word_1_206' title='bbox 838 3016 948 3078; x_wconf 87' lang='lat' dir='ltr'>Viator</span> <span class='ocrx_word' id='word_1_207' title='bbox 970 3037 1041 3095; x_wconf 86' lang='lat' dir='ltr'>ergo</span> <span class='ocrx_word' id='word_1_208' title='bbox 1063 3017 1161 3078; x_wconf 84' lang='lat' dir='ltr'>tidelis</span> <span class='ocrx_word' id='word_1_209' title='bbox 1182 3039 1244 3078; x_wconf 92' lang='lat' dir='ltr'>non</span> <span class='ocrx_word' id='word_1_210' title='bbox 1272 3015 1454 3080; x_wconf 84' lang='lat' dir='ltr'>conferret¹⁰</span> <span class='ocrx_word' id='word_1_211' title='bbox 1475 3017 1527 3077; x_wconf 86' lang='lat' dir='ltr'>illis</span> 
     </span>
     <span class='ocr_line' id='line_1_25' title="bbox 342 3111 1527 3202; baseline -0.003 -22"><span class='ocrx_word' id='word_1_212' title='bbox 342 3119 520 3180; x_wconf 89' lang='lat' dir='ltr'>elemosinas</span> <span class='ocrx_word' id='word_1_213' title='bbox 551 3111 741 3198; x_wconf 76' lang='lat' dir='ltr'>temporales,</span> <span class='ocrx_word' id='word_1_214' title='bbox 774 3141 830 3181; x_wconf 90' lang='lat' dir='ltr'>nec</span> <span class='ocrx_word' id='word_1_215' title='bbox 861 3121 975 3181; x_wconf 88' lang='lat' dir='ltr'>diceret</span> <span class='ocrx_word' id='word_1_216' title='bbox 1003 3119 1064 3180; x_wconf 89' lang='lat' dir='ltr'>illis</span> <span class='ocrx_word' id='word_1_217' title='bbox 1086 3141 1152 3194; x_wconf 88' lang='lat' dir='ltr'>ave,</span> <span class='ocrx_word' id='word_1_218' title='bbox 1184 3131 1348 3202; x_wconf 86' lang='lat' dir='ltr'>antequam</span> <span class='ocrx_word' id='word_1_219' title='bbox 1377 3123 1527 3183; x_wconf 84' lang='lat' dir='ltr'>fundarent</span> 
     </span>
    </p>
   </div>
   <div class='ocr_carea' id='block_1_3' title="bbox 344 3259 512 3266">
    <p class='ocr_par' dir='ltr' id='par_1_5' title="bbox 344 3259 512 3266">
     <span class='ocr_line' id='line_1_26' title="bbox 344 3259 512 3266; baseline -0.006 -1"><span class='ocrx_word' id='word_1_220' title='bbox 344 3259 470 3266; x_wconf 45' lang='grc' dir='ltr'>..ς-..-</span> <span class='ocrx_word' id='word_1_221' title='bbox 481 3260 512 3264; x_wconf 83' lang='grc'>--.</span> 
     </span>
    </p>
   </div>
   <div class='ocr_carea' id='block_1_4' title="bbox 512 3323 1529 3566">
    <p class='ocr_par' dir='ltr' id='par_1_6' title="bbox 512 3323 1529 3566">
     <span class='ocr_line' id='line_1_27' title="bbox 557 3323 1528 3390; baseline 0.001 -18"><span class='ocrx_word' id='word_1_222' title='bbox 557 3325 632 3373; x_wconf 77' lang='lat' dir='ltr'><em>CAP.</em></span> <span class='ocrx_word' id='word_1_223' title='bbox 647 3323 676 3373; x_wconf 72' lang='lat'>1⁷.</span> <span class='ocrx_word' id='word_1_224' title='bbox 702 3329 714 3350; x_wconf 82' lang='lat'>‘¹</span> <span class='ocrx_word' id='word_1_225' title='bbox 731 3330 797 3374; x_wconf 74' lang='lat' dir='ltr'>asto</span> <span class='ocrx_word' id='word_1_226' title='bbox 808 3327 864 3382; x_wconf 76' lang='lat' dir='ltr'>tta,</span> <span class='ocrx_word' id='word_1_227' title='bbox 882 3341 919 3388; x_wconf 75' lang='grc' dir='ltr'>φ.</span> <span class='ocrx_word' id='word_1_228' title='bbox 928 3343 956 3390; x_wconf 77' lang='lat' dir='ltr'>p.</span> <span class='ocrx_word' id='word_1_229' title='bbox 966 3331 1006 3382; x_wconf 83' lang='grc'>97,</span> <span class='ocrx_word' id='word_1_230' title='bbox 1024 3326 1078 3374; x_wconf 71' lang='lat' dir='ltr'>cleo</span> <span class='ocrx_word' id='word_1_231' title='bbox 1092 3325 1196 3389; x_wconf 80' lang='lat' dir='ltr'>Sappl.</span> <span class='ocrx_word' id='word_1_232' title='bbox 1213 3327 1308 3376; x_wconf 76' lang='lat' dir='ltr'>I&#39;rr&#39;al.</span> <span class='ocrx_word' id='word_1_233' title='bbox 1319 3333 1378 3378; x_wconf 71' lang='grc'>436.</span> <span class='ocrx_word' id='word_1_234' title='bbox 1410 3326 1528 3378; x_wconf 63' lang='lat' dir='ltr'>utentes</span> 
     </span>
     <span class='ocr_line' id='line_1_28' title="bbox 514 3411 1529 3477; baseline 0.004 -19"><span class='ocrx_word' id='word_1_235' title='bbox 514 3412 652 3474; x_wconf 77' lang='lat' dir='ltr'>frequently</span> <span class='ocrx_word' id='word_1_236' title='bbox 670 3411 718 3458; x_wconf 69' lang='lat' dir='ltr'>tuis</span> <span class='ocrx_word' id='word_1_237' title='bbox 734 3411 796 3459; x_wconf 72' lang='lat' dir='ltr'>kind</span> <span class='ocrx_word' id='word_1_238' title='bbox 812 3414 840 3474; x_wconf 73' lang='lat' dir='ltr'>os</span> <span class='ocrx_word' id='word_1_239' title='bbox 853 3413 991 3474; x_wconf 73' lang='lat' dir='ltr'>preuchiuy</span> <span class='ocrx_word' id='word_1_240' title='bbox 1002 3429 1019 3459; x_wconf 79' lang='lat' dir='ltr'>a</span> <span class='ocrx_word' id='word_1_241' title='bbox 1030 3413 1150 3474; x_wconf 69' lang='lat' dir='ltr'>rqrroucl</span> <span class='ocrx_word' id='word_1_242' title='bbox 1161 3417 1187 3459; x_wconf 74' lang='lat' dir='ltr'>Iu</span> <span class='ocrx_word' id='word_1_243' title='bbox 1199 3415 1273 3469; x_wconf 65' lang='lat' dir='ltr'>them</span> <span class='ocrx_word' id='word_1_244' title='bbox 1292 3415 1347 3477; x_wconf 76' lang='lat' dir='ltr'>they</span> <span class='ocrx_word' id='word_1_245' title='bbox 1359 3415 1430 3462; x_wconf 55' lang='lat' dir='ltr'>aaa&amp;</span> <span class='ocrx_word' id='word_1_246' title='bbox 1439 3415 1464 3460; x_wconf 80' lang='lat' dir='ltr'>ia</span> <span class='ocrx_word' id='word_1_247' title='bbox 1474 3413 1529 3462; x_wconf 64' lang='lat' dir='ltr'>their</span> 
     </span>
     <span class='ocr_line' id='line_1_29' title="bbox 512 3497 1529 3566; baseline 0 -21"><span class='ocrx_word' id='word_1_248' title='bbox 512 3514 619 3546; x_wconf 80' lang='lat' dir='ltr'>sernrour</span> <span class='ocrx_word' id='word_1_249' title='bbox 636 3515 678 3545; x_wconf 77' lang='lat' dir='ltr'>ure</span> <span class='ocrx_word' id='word_1_250' title='bbox 694 3498 808 3560; x_wconf 68' lang='lat' dir='ltr'>osy&#39;olcer</span> <span class='ocrx_word' id='word_1_251' title='bbox 824 3499 875 3546; x_wconf 76' lang='lat' dir='ltr'>aad</span> <span class='ocrx_word' id='word_1_252' title='bbox 892 3497 1030 3554; x_wconf 76' lang='lat' dir='ltr'>drollerier,</span> <span class='ocrx_word' id='word_1_253' title='bbox 1046 3502 1108 3546; x_wconf 60' lang='lat' dir='ltr'>stud</span> <span class='ocrx_word' id='word_1_254' title='bbox 1124 3499 1175 3546; x_wconf 72' lang='lat' dir='ltr'>into</span> <span class='ocrx_word' id='word_1_255' title='bbox 1190 3516 1207 3547; x_wconf 86' lang='lat' dir='ltr'>a</span> <span class='ocrx_word' id='word_1_256' title='bbox 1218 3503 1270 3547; x_wconf 77' lang='lat' dir='ltr'>sort</span> <span class='ocrx_word' id='word_1_257' title='bbox 1280 3501 1314 3562; x_wconf 78' lang='lat' dir='ltr'>of</span> <span class='ocrx_word' id='word_1_258' title='bbox 1321 3500 1468 3566; x_wconf 70' lang='lat' dir='ltr'>buffconery,</span> <span class='ocrx_word' id='word_1_259' title='bbox 1484 3497 1529 3546; x_wconf 80' lang='lat' dir='ltr'>told</span> 
     </span>
    </p>
   </div>
   <div class='ocr_carea' id='block_1_5' title="bbox 513 3584 1618 3822">
    <p class='ocr_par' dir='ltr' id='par_1_7' title="bbox 513 3584 1618 3822">
     <span class='ocr_line' id='line_1_30' title="bbox 513 3584 1618 3647; baseline 0 -15"><span class='ocrx_word' id='word_1_260' title='bbox 513 3584 661 3632; x_wconf 67' lang='lat' dir='ltr'>scaminus</span> <span class='ocrx_word' id='word_1_261' title='bbox 671 3585 759 3632; x_wconf 74' lang='lat' dir='ltr'>storias</span> <span class='ocrx_word' id='word_1_262' title='bbox 770 3584 942 3645; x_wconf 57' lang='lat' dir='ltr'>(atronis-teu</span> <span class='ocrx_word' id='word_1_263' title='bbox 953 3601 991 3647; x_wconf 80' lang='grc' dir='ltr'>φ.</span> <span class='ocrx_word' id='word_1_264' title='bbox 1004 3585 1123 3632; x_wconf 67' lang='lat' dir='ltr'>Mamaea</span> <span class='ocrx_word' id='word_1_265' title='bbox 1138 3589 1181 3642; x_wconf 77' lang='lat' dir='ltr'>ld,·</span> <span class='ocrx_word' id='word_1_266' title='bbox 1200 3588 1245 3643; x_wconf 75' lang='lat'>96;</span> <span class='ocrx_word' id='word_1_267' title='bbox 1265 3591 1310 3642; x_wconf 75' lang='lat' dir='ltr'>dv,-</span> <span class='ocrx_word' id='word_1_268' title='bbox 1335 3591 1381 3642; x_wconf 77' lang='lat'>59,-</span> <span class='ocrx_word' id='word_1_269' title='bbox 1403 3592 1460 3644; x_wconf 72' lang='lat' dir='ltr'>lvd,</span> <span class='ocrx_word' id='word_1_270' title='bbox 1476 3589 1528 3638; x_wconf 75' lang='lat' dir='ltr'>rac</span> <span class='ocrx_word' id='word_1_271' title='bbox 1617 3611 1618 3632; x_wconf 59' lang='lat' dir='ltr'>i</span> 
     </span>
     <span class='ocr_line' id='line_1_31' title="bbox 517 3653 1618 3736; baseline -0.001 -18"><span class='ocrx_word' id='word_1_272' title='bbox 517 3675 564 3721; x_wconf 75' lang='lat'>15³</span> <span class='ocrx_word' id='word_1_273' title='bbox 565 3671 583 3731; x_wconf 91' lang='lat'><em>)</em></span> <span class='ocrx_word' id='word_1_274' title='bbox 604 3672 655 3718; x_wconf 72' lang='lat' dir='ltr'>aad</span> <span class='ocrx_word' id='word_1_275' title='bbox 675 3671 808 3719; x_wconf 69' lang='lat' dir='ltr'>summm</span> <span class='ocrx_word' id='word_1_276' title='bbox 821 3673 945 3732; x_wconf 74' lang='lat' dir='ltr'>preceded</span> <span class='ocrx_word' id='word_1_277' title='bbox 961 3688 1048 3727; x_wconf 68' lang='lat' dir='ltr'>ueram,</span> <span class='ocrx_word' id='word_1_278' title='bbox 1069 3687 1107 3732; x_wconf 80' lang='lat' dir='ltr'>cp,</span> <span class='ocrx_word' id='word_1_279' title='bbox 1125 3671 1244 3718; x_wconf 69' lang='lat' dir='ltr'>Marum</span> <span class='ocrx_word' id='word_1_280' title='bbox 1256 3676 1319 3721; x_wconf 66' lang='lat'>⁴3⁸:</span> <span class='ocrx_word' id='word_1_281' title='bbox 1347 3672 1405 3720; x_wconf 80' lang='lat' dir='ltr'>God</span> <span class='ocrx_word' id='word_1_282' title='bbox 1421 3667 1479 3736; x_wconf 65' lang='lat' dir='ltr'>arip</span> <span class='ocrx_word' id='word_1_283' title='bbox 1495 3674 1530 3718; x_wconf 83' lang='lat' dir='ltr'>aot</span> <span class='ocrx_word' id='word_1_284' title='bbox 1617 3653 1618 3732; x_wconf 52' lang='lat' dir='ltr'>i</span> 
     </span>
     <span class='ocr_line' id='line_1_32' title="bbox 514 3753 1618 3822; baseline -0.002 -18"><span class='ocrx_word' id='word_1_285' title='bbox 514 3757 661 3820; x_wconf 73' lang='lat' dir='ltr'>dyuyaiouar</span> <span class='ocrx_word' id='word_1_286' title='bbox 677 3773 707 3804; x_wconf 79' lang='lat' dir='ltr'>ue</span> <span class='ocrx_word' id='word_1_287' title='bbox 723 3773 802 3820; x_wconf 69' lang='lat' dir='ltr'>ryme:</span> <span class='ocrx_word' id='word_1_288' title='bbox 818 3757 851 3820; x_wconf 70' lang='lat' dir='ltr'>os</span> <span class='ocrx_word' id='word_1_289' title='bbox 863 3759 917 3821; x_wconf 78' lang='lat' dir='ltr'>bym</span> <span class='ocrx_word' id='word_1_290' title='bbox 930 3753 982 3822; x_wconf 62' lang='lat' dir='ltr'>pat</span> <span class='ocrx_word' id='word_1_291' title='bbox 997 3756 1084 3805; x_wconf 70' lang='lat' dir='ltr'>ubalde</span> <span class='ocrx_word' id='word_1_292' title='bbox 1097 3757 1200 3819; x_wconf 69' lang='lat' dir='ltr'>praebe,</span> <span class='ocrx_word' id='word_1_293' title='bbox 1222 3773 1261 3804; x_wconf 80' lang='lat' dir='ltr'>ree</span> <span class='ocrx_word' id='word_1_294' title='bbox 1277 3758 1333 3806; x_wconf 79' lang='lat' dir='ltr'>‹rIso</span> <span class='ocrx_word' id='word_1_295' title='bbox 1351 3759 1493 3820; x_wconf 62' lang='lat' dir='ltr'>amusos</span> <span class='ocrx_word' id='word_1_296' title='bbox 1507 3755 1534 3816; x_wconf 79' lang='lat' dir='ltr'>os</span> <span class='ocrx_word' id='word_1_297' title='bbox 1617 3755 1618 3774; x_wconf 66' lang='lat'>¹</span> 
     </span>
    </p>
   </div>
   <div class='ocr_carea' id='block_1_6' title="bbox 344 3843 1530 4426">
    <p class='ocr_par' dir='ltr' id='par_1_8' title="bbox 344 3843 1530 4426">
     <span class='ocr_line' id='line_1_33' title="bbox 515 3843 1530 3907; baseline -0.004 -17"><span class='ocrx_word' id='word_1_298' title='bbox 515 3843 607 3892; x_wconf 68' lang='lat' dir='ltr'>Mutila.</span> <span class='ocrx_word' id='word_1_299' title='bbox 619 3843 727 3897; x_wconf 82' lang='lat' dir='ltr'><em>XXIII</em></span> <span class='ocrx_word' id='word_1_300' title='bbox 736 3844 807 3903; x_wconf 84' lang='lat' dir='ltr'>(cod.</span> <span class='ocrx_word' id='word_1_301' title='bbox 820 3843 958 3892; x_wconf 66' lang='lat' dir='ltr'>Aaronem.</span> <span class='ocrx_word' id='word_1_302' title='bbox 976 3843 1023 3906; x_wconf 83' lang='lat' dir='ltr'>fol.</span> <span class='ocrx_word' id='word_1_303' title='bbox 1037 3843 1087 3903; x_wconf 76' lang='lat'>75)</span> <span class='ocrx_word' id='word_1_304' title='bbox 1104 3843 1144 3890; x_wconf 74' lang='lat' dir='ltr'>rte</span> <span class='ocrx_word' id='word_1_305' title='bbox 1157 3859 1280 3904; x_wconf 68' lang='lat' dir='ltr'>persepe:</span> <span class='ocrx_word' id='word_1_306' title='bbox 1298 3846 1395 3906; x_wconf 66' lang='lat' dir='ltr'>(ratres</span> <span class='ocrx_word' id='word_1_307' title='bbox 1409 3845 1530 3907; x_wconf 72' lang='lat' dir='ltr'>predicunt</span> 
     </span>
     <span class='ocr_line' id='line_1_34' title="bbox 514 3925 1134 3996; baseline 0.006 -21"><span class='ocrx_word' id='word_1_308' title='bbox 514 3929 587 3975; x_wconf 72' lang='lat' dir='ltr'>rerba</span> <span class='ocrx_word' id='word_1_309' title='bbox 604 3930 665 3996; x_wconf 77' lang='lat' dir='ltr'>fictu</span> <span class='ocrx_word' id='word_1_310' title='bbox 683 3933 707 3976; x_wconf 78' lang='lat' dir='ltr'>et</span> <span class='ocrx_word' id='word_1_311' title='bbox 719 3934 836 3992; x_wconf 77' lang='lat' dir='ltr'>poenmto</span> <span class='ocrx_word' id='word_1_312' title='bbox 853 3929 988 3992; x_wconf 67' lang='lat' dir='ltr'>rdpinirutn</span> <span class='ocrx_word' id='word_1_313' title='bbox 1056 3925 1067 3954; x_wconf 69' lang='lat'>&#39;⁹</span> <span class='ocrx_word' id='word_1_314' title='bbox 1083 3945 1105 3976; x_wconf 82' lang='lat' dir='ltr'>n.</span> <span class='ocrx_word' id='word_1_315' title='bbox 1119 3933 1134 3980; x_wconf 83' lang='grc'>9</span> 
     </span>
     <span class='ocr_line' id='line_1_35' title="bbox 412 4096 1528 4169; baseline -0.001 -20"><span class='ocrx_word' id='word_1_316' title='bbox 412 4097 560 4150; x_wconf 71' lang='lat' dir='ltr'>”clamosis</span> <span class='ocrx_word' id='word_1_317' title='bbox 570 4101 609 4148; x_wconf 85' lang='lat' dir='ltr'>CJ</span> <span class='ocrx_word' id='word_1_318' title='bbox 652 4097 827 4168; x_wconf 67' lang='lat' dir='ltr'>clamerosisd</span> <span class='ocrx_word' id='word_1_319' title='bbox 903 4096 1074 4149; x_wconf 69' lang='lat' dir='ltr'>⁸lidelosCJ</span> <span class='ocrx_word' id='word_1_320' title='bbox 1115 4098 1180 4148; x_wconf 84' lang='lat' dir='ltr'>fides</span> <span class='ocrx_word' id='word_1_321' title='bbox 1192 4097 1212 4169; x_wconf 82' lang='grc' dir='ltr'><em>β</em></span> <span class='ocrx_word' id='word_1_322' title='bbox 1287 4097 1440 4166; x_wconf 69' lang='lat' dir='ltr'>‘partiunt&#39;</span> <span class='ocrx_word' id='word_1_323' title='bbox 1480 4113 1528 4164; x_wconf 82' lang='lat' dir='ltr'>par·</span> 
     </span>
     <span class='ocr_line' id='line_1_36' title="bbox 344 4179 1529 4256; baseline -0.002 -22"><span class='ocrx_word' id='word_1_324' title='bbox 344 4185 446 4256; x_wconf 58' lang='lat' dir='ltr'>tem-If]</span> <span class='ocrx_word' id='word_1_325' title='bbox 508 4185 682 4236; x_wconf 78' lang='lat' dir='ltr'>⁶multosCJ</span> <span class='ocrx_word' id='word_1_326' title='bbox 714 4183 880 4255; x_wconf 62' lang='lat' dir='ltr'>iustos(i)p⁴i</span> <span class='ocrx_word' id='word_1_327' title='bbox 948 4183 1115 4236; x_wconf 70' lang='lat' dir='ltr'>‘dieantur</span> <span class='ocrx_word' id='word_1_328' title='bbox 1147 4184 1266 4254; x_wconf 70' lang='lat' dir='ltr'>dicuntfl</span> <span class='ocrx_word' id='word_1_329' title='bbox 1329 4183 1434 4236; x_wconf 72' lang='lat' dir='ltr'>²0th</span> <span class='ocrx_word' id='word_1_330' title='bbox 1464 4179 1529 4251; x_wconf 55' lang='lat' dir='ltr'>vulpi</span> 
     </span>
     <span class='ocr_line' id='line_1_37' title="bbox 344 4269 1527 4340; baseline -0.003 -20"><span class='ocrx_word' id='word_1_331' title='bbox 344 4269 501 4322; x_wconf 69' lang='lat' dir='ltr'>l&#39;illicenter</span> <span class='ocrx_word' id='word_1_332' title='bbox 510 4275 551 4320; x_wconf 85' lang='lat' dir='ltr'>CJ</span> <span class='ocrx_word' id='word_1_333' title='bbox 588 4271 687 4321; x_wconf 89' lang='lat' dir='ltr'>illicens</span> <span class='ocrx_word' id='word_1_334' title='bbox 707 4273 742 4332; x_wconf 84' lang='lat' dir='ltr'>(a</span> <span class='ocrx_word' id='word_1_335' title='bbox 759 4288 825 4321; x_wconf 79' lang='lat' dir='ltr'>corr.</span> <span class='ocrx_word' id='word_1_336' title='bbox 842 4273 918 4328; x_wconf 79' lang='lat' dir='ltr'>word,</span> <span class='ocrx_word' id='word_1_337' title='bbox 935 4277 977 4320; x_wconf 80' lang='lat' dir='ltr'>aot</span> <span class='ocrx_word' id='word_1_338' title='bbox 994 4269 1109 4340; x_wconf 60' lang='lat' dir='ltr'>oleam?</span> <span class='ocrx_word' id='word_1_339' title='bbox 1196 4269 1377 4322; x_wconf 75' lang='lat' dir='ltr'>&#39;billerantes</span> <span class='ocrx_word' id='word_1_340' title='bbox 1386 4273 1426 4321; x_wconf 80' lang='lat' dir='ltr'>OJ</span> <span class='ocrx_word' id='word_1_341' title='bbox 1465 4269 1527 4320; x_wconf 81' lang='lat' dir='ltr'>hille</span> 
     </span>
     <span class='ocr_line' id='line_1_38' title="bbox 345 4355 951 4426; baseline -0.002 -19"><span class='ocrx_word' id='word_1_342' title='bbox 345 4355 465 4426; x_wconf 65' lang='lat' dir='ltr'>rautesyi</span> <span class='ocrx_word' id='word_1_343' title='bbox 534 4356 555 4386; x_wconf 84' lang='lat'>¹⁰</span> <span class='ocrx_word' id='word_1_344' title='bbox 572 4358 701 4408; x_wconf 85' lang='lat' dir='ltr'>conferret</span> <span class='ocrx_word' id='word_1_345' title='bbox 711 4359 751 4406; x_wconf 81' lang='lat' dir='ltr'>OJ</span> <span class='ocrx_word' id='word_1_346' title='bbox 784 4357 951 4424; x_wconf 70' lang='lat' dir='ltr'>cont&#39;sreusti</span> 
     </span>
    </p>
   </div>
   <div class='ocr_carea' id='block_1_7' title="bbox 0 0 1636 5138">
    <p class='ocr_par' dir='ltr' id='par_1_9' title="bbox 0 0 1636 5138">
     <span class='ocr_line' id='line_1_39' title="bbox 0 0 1636 5138; baseline 0 0"><span class='ocrx_word' id='word_1_347' title='bbox 0 0 1636 5138; x_wconf 95' lang='lat' dir='ltr'> </span> 
     </span>
    </p>
   </div>
  </div>
 </body>
</html>
