3248 5138
339 515 399 574 312
754 511 946 560 sorssors
969 511 1109 568 Wrcsrs,
1425 507 1481 576 [ap.
1497 511 1520 558 r

338 685 387 744 vel
410 685 472 744 alia
494 684 666 762 corporalia
687 683 844 761 suffragia,
878 703 946 744 cum
970 682 1080 762 quibus
1108 695 1155 743 est
1177 694 1301 744 curatus
1328 683 1456 762 ydoneus
1480 705 1518 742 su-

337 787 532 859 stentandus,
565 807 634 846 cum
656 785 773 847 Paulus
795 786 924 864 precipit
951 787 983 847 in
1014 786 1136 848 nomine
1164 787 1279 846 domini
1306 786 1340 846 Π
1362 786 1459 846 Thess.
1483 787 1519 844 ul-

337 885 442 950 timol:
467 890 518 970 qui
541 910 602 950 non
624 888 754 961 laborat,
778 909 839 949 non
861 889 1035 950 manducet.

422 1009 466 1069 Et
487 1009 580 1070 tercio
603 1009 733 1080 videtur,
757 1007 839 1088 quod
861 1029 917 1068 nec
937 1009 1081 1070 fratribus
1105 1030 1160 1070 neo
1184 1009 1274 1070 sectis
1297 1010 1363 1070 istis
1384 1010 1462 1068 novis
1482 1020 1519 1067 est

336 1112 395 1171 ista
418 1112 582 1190 corporalis
601 1111 765 1172 elemosina
781 1111 990 1186 ministranda,
1014 1114 1086 1191 quia
1109 1112 1167 1172 hoc
1183 1121 1263 1172 esset
1282 1122 1388 1173 contra
1402 1111 1516 1171 Cristum
1537 1103 1548 1147 ⁵

337 1215 417 1292 ipsos
448 1215 612 1275 defendere
644 1223 674 1274 et
705 1215 766 1274 suis
793 1215 928 1292 peccatis
956 1224 987 1275 et
1009 1215 1179 1293 gravaurini
1208 1215 1337 1276 ecclesie
1359 1215 1517 1275 consentire.

337 1316 415 1376 Cum
438 1327 540 1377 autem
563 1337 623 1377 non
645 1325 716 1377 sunt
738 1335 886 1394 pauperes
910 1316 1040 1390 debiles,
1070 1318 1173 1378 claudi
1196 1317 1246 1378 vel
1270 1318 1348 1390 ceci,
1380 1317 1431 1378 sed
1451 1337 1519 1376 men·

337 1420 474 1481 dicantes
496 1429 560 1480 tam
576 1418 671 1480 validi
687 1427 717 1478 ct
731 1418 879 1480 habentes
902 1430 947 1481 tot
966 1420 1048 1481 bona
1066 1420 1245 1500 superflua⁶‚
1270 1431 1350 1482 esset
1372 1441 1442 1500 opus
1462 1440 1519 1479 con·

336 1523 461 1582 trarium
485 1523 650 1583 elemosine
672 1522 745 1601 ipsis
767 1523 842 1584 talia
864 1525 1044 1584 ministrare.

860 1748 946 1806 CAP.
970 1748 1011 1807 X.

424 1917 513 1980 Unde
535 1919 592 1979 iste
614 1928 696 1979 secte
719 1918 903 1978 defraudant
926 1916 1017 1978 Oristi
1041 1918 1201 1979 ecclesiam
1225 1919 1257 1978 in
1285 1920 1345 1979 ista
1371 1917 1548 1980 elemosinam

335 2021 494 2098 corporali,
519 2042 587 2082 cum
605 2021 718 2082 furtive
738 2021 881 2081 auferunt
903 2019 941 2080 de
957 2019 1049 2082 Cristi
1072 2021 1257 2100 pauperibus
1279 2022 1336 2082 has
1357 2022 1518 2082 elemosinas

335 2125 406 2203 ipsis
428 2123 602 2203 specialiter
624 2123 780 2184 limitatas.

422 2243 564 2305 Secundo
592 2254 736 2322 spumant
757 2243 928 2315 libidinem,
963 2244 1081 2304 edificia
1104 2251 1301 2322 sumptuosa‘¹
1329 2255 1361 2305 et
1387 2245 1446 2305 alia
1466 2255 1517 2304 tam

337 2346 432 2408 verba
454 2367 545 2426 quam
569 2367 671 2425 opera,
695 2367 753 2426 que
776 2347 886 2423 regnis,
910 2366 968 2426 que
990 2346 1135 2420 incolunt,
1159 2356 1231 2406 sunt
1252 2348 1372 2408 nociva.

421 2467 464 2527 Et
485 2467 578 2526 tercio
606 2467 740 2538 videtur,
774 2466 854 2545 quod
885 2467 935 2527 isti
966 2467 1101 2544 ypocrita
1132 2467 1288 2528 miscendo
1320 2467 1431 2528 malum
1460 2486 1515 2526 cum
1525 2476 1546 2520 1⁵

336 2569 416 2630 bono
438 2579 507 2649 post
527 2569 617 2630 istam
644 2569 809 2628 mixturam
835 2569 1024 2629 mendaciter
1055 2569 1253 2630 denominant
1283 2579 1381 2630 totum
1410 2569 1515 2632 bouum.

337 2693 373 2732 ac
396 2672 420 2732 si
448 2673 513 2752 quis
540 2671 680 2731 miseeret
706 2691 858 2730 venenum
889 2692 957 2732 cum
989 2672 1060 2732 vino
1091 2682 1123 2732 et
1148 2681 1247 2732 totum
1273 2673 1416 2752 poculum
1446 2671 1518 2753 quasi

337 2783 442 2853 potum
465 2773 655 2834 salutiferum
678 2773 791 2852 populo
814 2775 998 2852 propinaret.

183 2909 228 2948 aas
238 2908 324 2958 sousa
417 2901 428 2963 ΙΙ
445 2891 564 2954 Scimus
586 2894 717 2973 quidem,
742 2895 823 2974 quod
845 2903 929 2955 secta
945 2893 1129 2955 Saracenica
1148 2894 1250 2956 multis
1274 2896 1345 2955 fidei
1367 2905 1464 2956 nostre
1483 2915 1520 2954 ar·

337 2996 437 3057 ticulis
460 2997 641 3057 auctoritate
663 2997 739 3074 legis
755 2996 804 3056 dei
819 2991 1019 3069 consenciatl,
1043 3006 1075 3057 et
1095 2996 1208 3058 multos
1230 2999 1306 3058 ritus
1327 2997 1466 3060 honestos
1486 3007 1550 3056 at-ru

337 3120 396 3179 que
418 3097 589 3159 laudabiles
612 3099 692 3160 ultra
715 3099 770 3160 has
792 3109 891 3160 sectas
911 3099 1079 3160 observat⁰.
1125 3098 1187 3160 Sed
1210 3101 1281 3179 quia
1303 3101 1335 3160 in
1357 3100 1520 3162 necessariis

336 3202 503 3262 secundum
526 3201 624 3280 legem
648 3200 738 3262 Cristi
762 3202 907 3263 deliciunt
929 3223 985 3262 nec
1008 3203 1203 3263 autoritatem
1221 3200 1260 3262 ab
1283 3203 1348 3283 ipso
1372 3203 1519 3282 accipiunt,

336 3305 405 3366 ideo
428 3313 500 3366 sunt
521 3303 658 3364 infideles
678 3303 732 3365 filii
753 3304 877 3384 dyaboli
900 3305 1047 3383 fugiendi,
1071 3325 1165 3384 quare
1186 3326 1257 3384 ergo
1280 3326 1341 3367 non
1366 3306 1422 3366 iste
1443 3315 1520 3367 secte.

336 3428 395 3488 que
418 3407 510 3468 Cristi
533 3406 661 3467 ecclesie
682 3408 779 3484 magis
801 3408 930 3468 nocent?

422 3526 465 3586 Et
495 3526 537 3586 sic
569 3525 689 3586 videtur
720 3525 853 3605 baptista
883 3527 1041 3588 intendere
1068 3547 1138 3589 suos
1167 3527 1347 3608 discipulos,
1379 3538 1519 3607 tamquam
1527 3536 1549 3581 :u

337 3630 487 3692 discentes
510 3628 614 3688 literas
636 3628 705 3688 fidei
728 3628 769 3689 sd
790 3629 904 3691 scolam
921 3630 1035 3690 domini
1055 3640 1211 3710 tamquam
1233 3632 1418 3710 superiorem
1439 3631 1519 3691 scien·

337 3733 415 3792 ciam
443 3751 614 3810 preparare.
661 3729 744 3806 Quid
767 3741 868 3792 autem
892 3741 980 3792 sonat
1006 3732 1105 3805 aliud,
1137 3733 1218 3812 quod
1240 3731 1377 3812 baptista
1402 3731 1464 3794 Iob.
1487 3723 1518 3790 1¹¹

550 3932 560 3962 l
577 3953 599 3984 c.
613 3942 645 3986 10
689 3941 697 3962 ⁶
715 3953 744 3983 as
760 3941 785 3984 to
804 3937 868 3983 tlrelr
883 3935 984 3996 stream,
997 3951 1035 3999 cp.
1052 3935 1127 3983 αόουο
1140 3952 1168 3998 p.
1187 3941 1218 3986 ll

551 4023 626 4070 ΟΔΡ.
639 4023 672 4070 Χ.
698 4025 710 4049 ⁰¹
731 4020 805 4069 lbere
821 4038 866 4068 ore
882 4021 954 4068 ma&
970 4021 1000 4084 ty
1016 4021 1051 4068 W.
1069 4037 1086 4068 a
1102 4023 1224 4084 reprooclt
1241 4026 1265 4070 to
1278 4023 1318 4070 dle
1331 4023 1399 4071 Secta
1415 4037 1468 4085 orry
1477 4022 1517 4082 [νει

507 4107 613 4171 quently,
631 4124 669 4170 cp.
681 4107 724 4170 for
735 4108 845 4154 laetanea
856 4106 900 4153 De
913 4106 1005 4155 Fuad.
1020 4106 1098 4155 Sect.
1112 4124 1140 4169 p.
1153 4111 1185 4156 dl
1204 4111 1259 4155 acte
1272 4124 1285 4154 c
1320 4104 1331 4134 ⁶
1349 4125 1378 4156 ω
1390 4112 1414 4156 to
1426 4109 1478 4162 ao,
1492 4123 1517 4168 op

507 4193 581 4241 above
598 4193 643 4240 De
661 4193 754 4240 Fund.
774 4192 849 4240 Sect.
860 4209 886 4254 p.
900 4196 945 4248 ⁶25,-
964 4191 1084 4239 Mattlew
1095 4196 1143 4243 301
1199 4195 1208 4218 ⁰
1225 4208 1255 4241 ω
1272 4197 1297 4241 lo
1316 4194 1387 4250 there,
1403 4210 1440 4256 cp.
1455 4191 1516 4239 olore

503 4283 582 4341 pao
651 4273 746 4326 “aar
