3188 5148
527 527 813 579 INTBODUCTION.

41 696 94 754 De
118 701 314 758 dotacione
337 704 478 761 ecclesie
500 718 561 761 eeu
582 706 856 774 supplementum
877 705 1020 776 trielopi.

117 799 230 851 Vtrum
247 801 332 851 clerus
350 801 441 852 debuit
457 802 498 854 do.
526 805 596 871 finis.
616 803 745 854 adiutorio
762 803 926 869 postulando.
944 819 1018 870 capp.
1039 805 1078 855 10.

116 886 160 936 Vt.
182 886 354 954 supradicta
372 887 463 954 magis.
493 891 562 957 finis.
582 889 616 940 de
634 889 747 942 dominio
765 889 925 940 clericorum.
944 904 1018 956 capp.
1039 893 1079 941 10.

41 1011 201 1068 Summe
228 1013 395 1082 theologie
421 1014 483 1070 hee
512 1017 563 1070 eet
589 1017 623 1070 et
654 1013 803 1071 continet
828 1013 866 1069 in
891 1027 928 1070 ee
953 1014 1132 1072 duodecim
1159 1016 1267 1072 libros

183 1112 444 1168 preeupponene
472 1099 599 1157 librum
625 1101 667 1157 de
693 1099 842 1156 dominio
868 1101 929 1167 qui
954 1101 1056 1157 hebet
1082 1101 1117 1156 in
1140 1115 1176 1159 ee
1198 1107 1267 1159 tren

184 1183 302 1241 libros.
339 1185 476 1242 Primus
498 1185 547 1242 eie
569 1186 699 1255 incipit.
738 1186 902 1254 Prologus
924 1187 982 1243 elo.

121 1281 198 1333 Cum
218 1283 329 1349 quilibet
347 1283 515 1334 Christianus.

44 1405 196 1464 Primus
220 1407 307 1464 liber
329 1407 457 1476 incipit.

121 1513 280 1564 Tractando
298 1513 331 1565 de
349 1513 471 1565 dominio.
506 1511 618 1569 Habet
639 1526 736 1580 capp.
759 1513 811 1568 29.

48 1631 239 1688 secundun
261 1631 349 1689 liber
370 1633 472 1688 hebet
494 1635 513 1686 5
536 1645 634 1700 oepp.

122 1729 194 1779 Jam
210 1729 319 1780 viterius
335 1737 424 1780 restet.
451 1730 521 1798 finis.

50 1853 200 1910 'Porcius
222 1852 281 1920 eie,
303 1860 336 1910 et
356 1855 459 1911 hebet
482 1858 501 1910 6
524 1868 622 1922 capp.

126 1951 295 2002 Reddcundo
312 1951 364 2002 iam
381 1951 463 2002 tercio
480 1951 521 2003 ad.
551 1954 620 2020 find.
638 1951 769 2003 habentur
786 1953 835 2003 hic.

54 2076 195 2134 Primus
217 2077 306 2132 liber
327 2075 558 2133 demandetis
580 2078 683 2135 hebet
705 2090 802 2146 cepp.
825 2080 876 2133 30.

128 2174 261 2225 Promissa
278 2175 414 2224 sentencia
431 2174 463 2224 de
476 2174 597 2225 dominio.
626 2177 696 2242 finis.
714 2175 809 2225 dicitur
825 2175 919 2225 aliena.

58 2299 238 2357 secundm
260 2301 302 2355 de
323 2301 415 2355 etetu
433 2299 639 2368 innocentie.
662 2313 760 2368 cepp.
785 2302 834 2356 10.

129 2399 166 2448 Vt
181 2411 260 2464 cupre
277 2396 347 2448 dieta
364 2397 447 2464 magis
464 2411 506 2463 ep.
535 2401 603 2466 finis.
622 2397 655 2448 de
673 2397 786 2448 dominio
802 2397 961 2448 clericorum.

60 2514 279 2579 'rereiuede1
302 2521 451 2578 dominio
474 2521 565 2578 civili
589 2524 624 2578 et
651 2521 801 2578 eontinet
822 2523 889 2577 tree
911 2521 1026 2578 libros.
1055 2522 1188 2579 Ptimue
1212 2524 1260 2580 eie

180 2608 310 2676 incipit.

130 2706 277 2758 Tinctando
294 2705 329 2756 de
346 2704 416 2756 civili
434 2704 556 2756 dominio.
585 2707 655 2774 finis.
675 2704 792 2756 conferet
809 2705 875 2755 liber
892 2705 953 2755 vite.
971 2721 1046 2772 capp.
1065 2708 1105 2756 44.

66 2830 234 2889 secundun
255 2831 307 2888 eie
327 2831 456 2899 incipit,
479 2833 513 2887 et
534 2833 585 2889 eet
606 2832 747 2898 quartus
762 2830 799 2886 in
813 2829 939 2891 ordine.
969 2830 1081 2888 Habet
1095 2845 1192 2899 capp.
1211 2834 1260 2890 ie.

130 2930 203 2980 Licet
220 2929 336 2996 capitulo
355 2925 416 2980 37⁰2
432 2943 561 2994 regerem.
590 2931 659 2998 ficis.
679 2927 841 2979 adversarios
859 2927 942 2978 crucis
961 2926 1062 2978 Christi

67 3051 197 3110 'Peneius
219 3054 269 3111 eie
290 3053 419 3122 incipit,
442 3056 475 3110 et
497 3055 549 3109 eet
569 3053 708 3121 quintus
729 3052 766 3108 in
788 3052 915 3109 ordine.
938 3065 1035 3120 oepp.
1059 3054 1109 3109 27.

131 3153 165 3203 Vt
180 3168 260 3219 snpra
277 3153 348 3202 (licta
365 3151 398 3202 de
415 3152 475 3218 lege
494 3150 595 3202 Christi.
624 3151 691 3219 ficio.
712 3151 887 3217 procuratorio
905 3150 941 3200 sic
959 3165 1041 3201 erare.

69 3275 180 3334 sextus
201 3279 245 3335 de
266 3277 405 3335 veritate
427 3289 522 3332 eeore
543 3275 724 3344 scripture.
746 3289 843 3344 cepp.
866 3277 918 3331 31.

131 3375 219 3426 Restat
235 3390 349 3442 pamper
366 3373 504 3425 discutere.
533 3376 603 3442 finis.
623 3373 741 3424 diffusius
758 3378 924 3440 pertractare.

71 3482 227 3550 septimun
248 3484 292 3540 de
314 3482 457 3539 eooleeie
479 3483 520 3537 23
543 3495 640 3550 oepp.
662 3482 774 3538 hebet.

132 3581 197 3643 Quia
214 3581 315 3632 nonulli
332 3581 416 3630 eciam
432 3579 479 3630 ilii.
508 3581 578 3647 finis.
599 3579 631 3631 de
649 3580 698 3630 isto
716 3580 795 3630 ailibi.

74 3687 203 3746 Octeme
225 3691 268 3746 de
289 3687 402 3746 officio
423 3687 511 3756 regie
533 3701 631 3756 oepp.
655 3690 695 3743 12
717 3688 830 3743 hebet.

132 3787 325 3854 consequenter
341 3786 375 3835 ed
393 3786 510 3836 ordinem
526 3786 597 3837 cieri.
626 3787 695 3854 finis.
715 3790 816 3850 partem
833 3798 915 3834 sunm.

74 3891 177 3951 lienus
198 3896 241 3952 de
262 3895 428 3963 potestate
449 3907 537 3962 pepe
559 3907 657 3962 cepp.
681 3895 720 3948 13
742 3893 853 3949 hebet.

132 3992 188 4042 iam
205 3993 296 4042 vitimo
315 3996 403 4042 restat.
431 3991 500 4059 finio.
520 3991 664 4042 membrum
682 3990 780 4041 diaboii
797 3989 831 4040 cd
847 3990 986 4040 infernum.

135 4247 143 4276 ¹
159 4247 199 4315 de]
216 4268 264 4300 om.
283 4253 334 4300 tis.

135 4330 261 4400 'capitulo
279 4333 339 4401 ³⁷⁰]
358 4331 399 4386 ce⁰
417 4333 471 4396 ³7⁰,
489 4337 542 4385 iis.
