3248 5138
88 563 141 610 cap.
163 542 222 612 Νι
277 545 330 596 on
348 545 540 596 onrrrorvs
556 543 607 598 nr·
622 544 829 598 noctsslnn
845 543 1096 605 ruacrrroun.
1227 550 1288 613 349

88 719 181 780 detur
203 721 329 781 ulterius
350 721 550 794 inferendum,
583 721 665 802 quod
687 741 774 782 omne
797 721 999 796 mendacium,
1023 729 1290 803 quantumcunque

86 827 156 886 lere
180 827 281 898 fuerit,
313 835 359 886 est
381 820 577 886 cavendum!
620 823 662 885 Et
692 826 763 887 hinc
794 824 984 904 Augustinus
1015 821 1182 900 declarat,l
1209 826 1289 908 quod

87 931 170 990 inter
192 938 261 990 octo
282 947 395 1006 genera
416 927 644 988 mendaciorum
666 929 859 990 mendacium
874 929 1059 990 levissimum
1075 938 1110 989 ut
1123 930 1290 991 officiosum

88 1033 136 1093 vel
162 1033 307 1105 iocosum,
324 1052 393 1092 curn
409 1032 448 1092 sit
461 1040 631 1111 peccatum,
652 1052 714 1092 non
736 1040 782 1093 est
803 1041 928 1113 propter
941 1030 1056 1093 bonum
1071 1031 1194 1113 aliquod
1210 1054 1289 1094 corn·

64 1136 297 1197 omittendum!
340 1135 383 1195 Et
412 1155 451 1195 ex
477 1135 541 1195 istis
564 1135 701 1208 infertur,
734 1156 802 1196 cum
831 1136 991 1197 cristianus
1022 1121 1149 1217 quilibet
1178 1135 1291 1198 debeat

88 1240 175 1320 sequi
198 1238 342 1312 Gustum,
375 1239 455 1319 quod
486 1257 588 1312 nemo,
620 1239 652 1298 in
678 1247 824 1320 quantum
854 1240 986 1300 mendax
1017 1239 1115 1319 ipsum
1146 1241 1289 1320 sequitur,

88 1363 159 1404 cum
183 1343 249 1422 ipse
271 1343 310 1403 sit
331 1342 430 1421 prime
460 1341 510 1402 vel
540 1342 636 1403 omnis
669 1342 789 1416 veritas,
816 1363 886 1422 ymo
912 1343 994 1423 quod
1021 1343 1116 1414 omnis
1146 1343 1289 1417 mendax,

87 1447 117 1505 in
147 1440 470 1526 quantumcun(qce)²·
490 1445 642 1520 mentitur,
667 1467 686 1507 a
708 1444 806 1506 Oristo
829 1443 989 1507 declinat.³
1031 1445 1074 1506 Et
1094 1446 1137 1506 sic
1160 1445 1290 1507 discerni

87 1557 201 1629 potest,
224 1550 276 1629 qui
297 1549 434 1610 homines
456 1549 627 1628 auffugiunt
651 1549 843 1622 salvatorem,
867 1558 898 1610 et
918 1557 1013 1630 patet,
1037 1549 1186 1630 quomodo
1207 1548 1290 1609 istud

51 1653 261 1732 ruauffugium
287 1652 347 1713 fuit
367 1673 422 1731 per
444 1651 556 1713 multas
578 1653 727 1714 novitates
749 1673 842 1733 supro
863 1652 954 1714 fidem
977 1653 1125 1732 scripture
1146 1651 1290 1731 multipli-

87 1756 167 1817 citer
187 1754 396 1816 introductum
418 1775 480 1816 non
500 1755 597 1815 solum
619 1776 701 1817 nunc
722 1757 892 1830 novissime,
925 1757 1005 1837 quod
1031 1756 1181 1836 scripture
1202 1776 1290 1817 sacra

87 1869 117 1920 et
149 1857 326 1937 specialiter
356 1858 554 1936 ewangelium
586 1859 625 1920 sit
653 1859 824 1920 falsissima.
879 1858 941 1920 Sed
972 1880 1075 1921 omnes
1115 1860 1172 1920 istc
1208 1868 1289 1920 secte

86 1971 223 2042 quatuor
252 1982 344 2041 super
373 1963 532 2023 mendacio
562 1969 632 2022 sunt
660 1958 815 2034 fundate!
842 1970 878 2022 ut
906 1983 989 2042 papa
1019 1963 1101 2035 dicit,
1133 1961 1213 2043 quod
1245 1970 1291 2024 est

86 2085 227 2126 summus
252 2063 343 2126 Cristi
369 2065 509 2138 vicarius,
533 2074 623 2125 etex
650 2065 706 2126 isto
737 2065 895 2126 mendacio
927 2064 1111 2146 multiplicat
1130 2064 1290 2144 indulgen·

48 2185 75 2230 15
86 2169 162 2242 cias,
196 2163 548 2230 excommunicaciones*
579 2175 610 2228 et
640 2168 800 2229 mendacia
831 2167 892 2229 alia
918 2168 1045 2229 infinita.
1090 2167 1133 2234 Et
1159 2189 1229 2230 cum
1251 2169 1291 2230 sit

87 2292 186 2350 grave
202 2279 215 2341 ΙΙ
231 2271 274 2332 sic
295 2272 416 2332 mentiri
437 2272 469 2332 in
490 2266 690 2346 domin(um)⁵
720 2271 892 2333 inducendo
914 2279 1009 2332 totam
1032 2272 1192 2333 ecclesiam
1213 2271 1290 2332 miii·
1303 2287 1312 2338 t
1326 2287 1442 2338 nsotrae

86 2383 218 2448 tantem,
242 2383 336 2454 patet,
359 2376 391 2435 in
406 2383 553 2456 quantum
568 2372 736 2454 periculum
751 2374 869 2435 inducit
883 2375 1019 2436 homines
1042 2375 1166 2455 pulmo)
1182 2371 1291 2436 secta.⁶'

86 2478 173 2540 Nam
206 2479 325 2540 mentiri
356 2499 447 2558 super
477 2487 629 2540 terrenum
651 2486 826 2557 magnatem
847 2479 880 2539 in
901 2477 1153 2540 concernentibus
1174 2480 1290 2540 famam

86 2605 178 2646 suam
211 2591 256 2644 est
286 2603 430 2662 magnum
461 2582 629 2663 periculum
657 2591 687 2644 ct
708 2591 883 2662 peccatum
915 2591 1029 2663 quanto
1051 2582 1148 2662 magis
1170 2582 1290 2643 mentiri

44 2701 183 2768 rusuper
214 2687 350 2764 (domini)
381 2687 537 2748 dominum
567 2685 702 2747 veritatis
723 2684 847 2758 inillis,
871 2706 929 2766 que
952 2695 1139 2747 concernunt
1160 2685 1290 2746 salutem

85 2790 221 2852 ecclesio
242 2786 434 2851 militantisl⁷

177 2893 253 2955 Ideo
276 2893 387 2955 dicitur
408 2914 427 2954 a
449 2893 639 2975 quibusdam,
668 2893 757 2975 qnod,
781 2893 876 2954 sicut
897 2913 993 2973 papa
1015 2915 1214 2974 perversus
1237 2901 1292 2954 est

72 2976 313 3059 'lentioristus
328 3006 438 3078 atque
454 2995 644 3076 dyabolus,
662 2997 716 3057 sic
732 3004 785 3058 eet
799 2996 1027 3058 mendacium
1045 2997 1080 3058 in
1096 2996 1290 3058 abstracto

84 3110 124 3161 et
138 3109 250 3181 pater
263 3100 446 3162 mendacii
466 3101 683 3161 contrarius
697 3101 864 3173 veritati;
880 3121 936 3161 noc
955 3109 1141 3161 excusantur
1154 3100 1290 3160 homines

43 3221 74 3265 25
86 3203 266 3276 militantes,
290 3202 341 3285 qui
364 3203 523 3264 mendacio
537 3204 587 3265 isti
602 3203 807 3276 consenciunt‚
831 3199 1079 3284 quibuscunque⁸
1101 3224 1155 3264 sex
1176 3202 1290 3263 modisl

85 3309 297 3369 consenciunt.
342 3307 384 3367 Et
398 3308 441 3368 sic
456 3307 584 3380 videtur,
602 3307 682 3387 quod
696 3307 925 3387 peregrinantes
946 3307 995 3368 isti
1011 3307 1208 3369 consenciunt
1229 3325 1289 3366 uno

304 3491 372 3558 dep.
395 3498 499 3558 Accusat.
520 3496 583 3559 Opp.
609 3495 674 3544 mm.
693 3496 711 3543 Ι
716 3495 741 3542 V
760 3496 854 3545 Eaurr.
878 3497 904 3544 in
926 3496 1020 3545 Probas.
1043 3495 1069 3542 V
1083 3511 1110 3558 p.
1136 3500 1168 3546 16
1188 3497 1223 3554 θ,-
1251 3512 1289 3558 cp.

261 3583 315 3631 also
335 3583 401 3630 Pom.
415 3581 457 3630 VI
477 3582 517 3629 De
537 3583 663 3630 maneto
681 3580 698 3646 ξ
714 3585 747 3632 95
765 3597 790 3644 p.
804 3582 967 3647 cesnfflff.
985 3581 1036 3630 aad
1053 3581 1141 3630 ididem
1155 3597 1183 3644 p.
1196 3585 1246 3630 119
1263 3581 1290 3628 D

262 3673 326 3732 ‘uqa
346 3670 451 3731 Aaqaet.
472 3669 534 3731 Opp.
552 3672 568 3717 ‘2
583 3685 610 3730 p.
627 3667 684 3716 III
702 3667 767 3716 Pom.
785 3668 826 3715 De
843 3669 968 3717 mendacio
983 3683 1011 3730 p,
1024 3671 1074 3718 145
1085 3668 1149 3724 B,c
1222 3663 1236 3702 s
1251 3684 1289 3730 cp.

265 3755 438 3813 rualenu-
457 3759 506 3805 437
542 3754 627 3802 vasa
645 3755 692 3816 ref.
711 3758 735 3802 to
753 3755 823 3811 men,
841 3771 879 3816 cp.
898 3755 971 3803 αὸοοο
985 3771 1013 3817 p.
1028 3758 1059 3804 19
1078 3758 1133 3802 acle
1147 3769 1165 3816 9

158 3912 235 3959 CAP.
246 3911 264 3958 1
268 3909 296 3958 V.
316 3907 412 3959 'Atace
424 3912 463 3958 tte
474 3909 520 3958 «ol.
530 3909 552 3957 is
563 3909 621 3958 cdd.
631 3909 688 3956 osu
696 3908 769 3957 mark
778 3909 872 3973 ofrefn
882 3908 1049 3959 Mendacium
1058 3913 1290 3975 quantumcunque

85 3996 149 4046 levo
166 3995 359 4062 precavendum
369 3993 409 4044 ΕΙ
469 3992 524 4044 'in
542 4000 669 4061 quantum
690 4010 748 4044 cum
766 3997 819 4044 cod.
874 3991 978 4044 ‘’teloro
996 3997 1036 4044 tte
1052 3995 1099 4044 ecl.
1117 3995 1139 4042 ie
1156 3994 1215 4043 odd.
1232 3994 1291 4042 with
1400 3990 1408 4004 ⁰

86 4083 162 4130 mark
172 4085 205 4146 cf
211 4085 273 4146 refi:
291 4081 433 4133 Mendaeos
445 4079 662 4146 qualitercunque
674 4097 726 4130 non
738 4087 862 4131 secuntur
871 4080 982 4132 Cristum
992 4083 1019 4130 E
1023 4079 1032 4108 ¹
1076 4077 1087 4108 ⁴
1099 4080 1289 4130 excommunis·

85 4169 208 4220 raciones
220 4170 274 4218 cod.
334 4165 460 4217 ⁶domini
472 4167 525 4214 cod.
587 4163 597 4192 ⁶
615 4184 631 4232 p
670 4173 742 4217 secta
760 4169 830 4229 (sic)
842 4169 896 4217 cod.
954 4163 963 4194 ⁷
982 4167 1055 4216 above
1072 4168 1112 4216 tle
1128 4166 1174 4216 col.
1192 4167 1215 4216 ir
1231 4167 1290 4217 aad.

85 4255 148 4304 erut
172 4255 246 4304 mark
271 4257 303 4320 os
323 4255 383 4318 rofi:
411 4252 516 4302 Mentiri
539 4253 565 4301 in
588 4253 720 4303 dominum
739 4269 827 4320 grave,
854 4253 944 4304 sedin
962 4253 1040 4303 deum
1058 4249 1288 4318 gravissimumE¹
1394 4289 1403 4312 ,

86 4341 98 4366 ⁵
119 4341 145 4390 ia
161 4358 222 4391 mar.
241 4342 263 4390 ὼ
280 4343 352 4391 cdd:
371 4339 545 4390 consenciens
563 4355 616 4389 non
634 4337 823 4390 excusatan¹
