3188 5148
538 495 833 547 INTRODUOTION.
1188 518 1271 561 um

44 663 313 732 Responsionee
330 664 375 721 ad
392 667 589 732 argumenta
606 663 781 721 cuiusdam
798 664 902 722 emuli
919 664 1069 722 ueritatis
1086 668 1133 721 18.

122 752 249 815 Quidam
266 753 352 803 socius
369 767 448 819 quem
465 767 583 818 suppono
601 767 667 804 esse.
695 755 764 821 fisis.
782 753 936 821 regulariter
952 754 1015 804 cleri
1032 754 1110 804 talem
1129 754 1223 822 legem.

43 869 252 938 Responsio
269 869 314 925 ad
331 867 483 937 argueias
500 869 714 926 monachales
730 872 774 925 44
791 869 1031 927 conclusiones.

121 959 249 1022 Quidam
267 957 356 1009 doctor
373 959 480 1018 utinam.
509 961 579 1026 fiais.
597 958 726 1010 mendacii
743 960 865 1025 nequicia
883 959 1037 1010 dominetur.

45 1075 313 1146 Responsiones
330 1074 374 1129 sd
393 1078 588 1140 argumenta
604 1074 741 1130 Budelli
757 1075 800 1131 ds
817 1076 937 1132 strode.

122 1165 212 1228 Quod
234 1163 378 1214 secundum
400 1162 581 1230 philosophum
609 1169 728 1214 sanctum
749 1170 790 1214 eet
810 1163 986 1231 philosophari
1003 1167 1056 1228 (l).
1086 1168 1156 1234 fiais.
1184 1166 1267 1216 tocius

184 1266 243 1302 esse
260 1249 396 1300 causatiui.

46 1371 99 1426 De
119 1381 245 1428 amore
262 1380 365 1434 quere
382 1366 497 1435 plures
514 1366 748 1434 responsiones
765 1367 802 1422 in
819 1367 850 1423 d.
867 1371 900 1423 et
917 1366 954 1422 in
971 1381 995 1423 s.

123 1455 246 1516 Quidam
264 1454 348 1506 fidelis
364 1455 392 1504 iu
409 1455 514 1505 domino
530 1455 624 1520 querit
653 1456 715 1523 finis
732 1456 835 1506 miserie
851 1455 1036 1521 dirumpamus.

47 1569 101 1625 De
130 1571 346 1628 salutacione
373 1571 531 1638 angelica.
558 1585 624 1639 que
651 1572 802 1639 sequitur
829 1572 940 1629 statim
956 1572 1147 1629 oracionem
1164 1572 1268 1628 ‹iomi-

182 1671 221 1712 nr

123 1672 364 1807 Quamr‘r'isazkutem
381 1746 508 1798 salutacio
525 1746 653 1812 angelica.
682 1749 752 1814 fiais.
771 1763 828 1797 ross
844 1747 1046 1813 proprietatibus
1061 1747 1215 1799 sanciendis.

49 1860 102 1916 De
124 1862 295 1929 grsdlbns
312 1863 401 1920 cleri

123 1951 245 2012 Quidam
263 1950 387 2002 secularis
404 1953 499 2018 probus
517 1951 593 2003 zelat.
622 1953 691 2019 finis.
712 1952 889 2019 multipliciter
906 1952 978 2002 illum
997 1952 1130 2004 mundum.

51 2066 102 2122 De
120 2067 334 2124 dissensione
351 2081 515 2137 paparum
533 2071 566 2125 et
583 2073 632 2126 est
644 2070 729 2125 alius
740 2082 875 2138 paruus,
892 2068 951 2136 qui
963 2068 1068 2126 eciam
1080 2068 1127 2125 sio
1139 2068 1269 2138 incipit.

124 2157 199 2218 Quia
217 2158 267 2207 ista
284 2163 447 2207 monstruosa
464 2157 511 2207 dis.
540 2159 608 2226 fiais.
629 2164 668 2208 est
684 2158 712 2209 in
730 2158 804 2208 dictis
821 2159 867 2219 (l)
884 2158 936 2208 iarn
953 2157 1089 2223 peruersis.

54 2271 104 2328 De
120 2273 290 2330 uersuoiis
308 2273 478 2331 anticristi.

124 2363 257 2424 Quamuis
274 2362 403 2427 dyabolus
420 2379 453 2413 ex
470 2363 591 2413 neutrali.
621 2365 690 2431 fiais.

57 2477 104 2533 De
122 2479 345 2549 exposicione
362 2482 475 2536 textus
492 2479 549 2535 lit
567 2481 619 2534 24.

125 2569 198 2631 Quia
217 2568 392 2635 ewangelium
409 2567 486 2618 istud.
515 2569 584 2635 fiais.
602 2569 635 2619 sit
652 2569 745 2619 melius
763 2569 904 2620 intellecta.

124 2654 204 2716 Quod
222 2655 306 2705 clerus
324 2655 398 2721 regni
415 2654 519 2721 Anglie.
537 2655 664 2717 (lacum
682 2670 714 2704 ex
733 2654 784 2705 fide
802 2656 936 2721 scripture.

58 2768 233 2826 Sermones
260 2771 303 2825 20
329 2771 504 2839 compositi
534 2771 571 2828 ln
600 2771 668 2827 llus
699 2771 770 2828 uite
795 2785 855 2828 sue
881 2775 915 2828 et
941 2772 1041 2827 debet
1071 2774 1158 2826 stare
1188 2775 1264 2839 post

177 2859 223 2912 40
240 2869 410 2913 sermones
429 2869 532 2923 quere
549 2856 586 2912 in
604 2857 636 2911 lr.
1034 2859 1040 2874 ·

125 2946 229 3012 Rogata
246 2960 327 3010 quam
344 2944 378 2994 ad
395 2959 488 3011 pacem
506 2953 574 2996 sunt.
604 2948 672 3013 fiais.

60 3058 257 3119 Differencia
275 3061 363 3117 inter
379 3066 555 3130 peccatum
572 3065 712 3119 mortale
730 3065 763 3119 et
779 3062 922 3119 uenials.

124 3151 218 3201 Restat
236 3165 306 3199 nuuc
323 3149 461 3200 discutere.
490 3152 560 3219 fiais.
581 3151 643 3201 Sine
661 3151 809 3201 discrimine
827 3152 953 3202 nesciunt.

61 3246 177 3307 contra
193 3249 375 3319 religiones
390 3250 539 3318 priuatas
551 3253 584 3307 et
594 3250 787 3307 intitulatur
797 3251 1029 3320 purgatorium
1039 3255 1128 3308 secte
1139 3252 1264 3308 christi.

124 3340 193 3406 Seps
209 3343 372 3405 assumptum
390 3345 436 3400 est,
455 3345 485 3388 ut
501 3339 634 3389 fidendum
651 3341 697 3403 (ἲ)
714 3343 785 3408 fisis.
803 3340 978 3390 irremissibile
996 3340 1084 3390 multis
1101 3341 1196 3406 regnis.

61 3434 105 3492 De
121 3442 281 3506 quattuor
298 3437 397 3494 sectis
414 3439 559 3495 nouellis
577 3442 745 3496 eteorum
763 3439 932 3496 erroribus
950 3453 988 3496 ca
1006 3442 1052 3495 12.

124 3527 275 3578 Secundum
292 3534 345 3577 tras
363 3527 473 3577 uirtutes
490 3527 657 3595 theologicas.
686 3530 756 3596 fiais.
776 3528 810 3578 aul
828 3529 937 3578 ecclesie
955 3528 1168 3595 prcdesscndum.

62 3623 105 3681 De
121 3628 222 3684 cristo
241 3631 275 3686 et
290 3641 353 3683 suo
370 3627 560 3684 adversario
578 3625 760 3685 sntierlsto.

123 3717 274 3767 Secundum
291 3715 432 3766 catholicos
450 3715 561 3767 ecclesia
579 3722 626 3768 est
655 3717 724 3785 finis.
742 3732 759 3767 a
777 3716 871 3768 Christi
888 3717 1005 3784 uestigiis
1023 3717 1138 3768 dcuinrc.

64 3810 105 3870 De
121 3816 220 3872 nouis
238 3816 424 3872 ordinibus.

122 3905 272 3956 Secundum
291 3904 398 3970 apostol.
416 3902 483 3970 Eph.
512 3906 583 3972 fiala.
600 3903 627 3954 in
644 3911 719 3971 parts
737 3921 892 3972 cognoscere
911 3919 944 3955 ex
962 3905 1097 3972 scriptura.

65 3999 302 4073 Responslouss
319 4004 363 4059 sd
381 4003 486 4060 allum
504 4003 685 4061 doctorem.

123 4093 259 4144 Secundus
277 4092 367 4142 ‹icctcn
383 4107 457 4142 meus
475 4097 502 4143 et
518 4093 644 4144 uillereus
661 4094 714 4157 (l).
743 4095 814 4161 fiais.
833 4095 897 4144 libro
916 4095 931 4144 2
950 4094 1030 4161 partis
1052 4100 1079 4144 ct
1100 4094 1214 4159 capitulo
1234 4096 1260 4147 7.

67 4186 106 4246 De
121 4207 261 4264 corpore
278 4191 394 4248 christi
411 4205 514 4260 quere
531 4191 569 4248 in
585 4206 605 4248 c
623 4194 781 4249 maiorem
798 4196 976 4252 tractatum
993 4194 1035 4250 de
1048 4193 1257 4250 eucharistia.

123 4301 189 4366 Seps
206 4299 343 4350 coufessus
359 4314 425 4349 sum.
454 4301 522 4366 fisis.
542 4303 669 4364 quantum
686 4299 714 4349 in
731 4300 858 4365 episcopia
875 4307 923 4350 est.
