3248 5138
117 581 174 628 cop.
193 559 260 628 ΙΙΙ]
499 562 553 611 Da
568 562 684 611 NOVIS
704 562 921 610 ORDINIBUS.
1254 569 1311 626 331
1333 629 1334 632 Ἴ

117 756 173 815 per
195 735 252 795 hoc
275 745 361 814 patet
380 736 412 796 in
435 745 529 814 parte,
558 735 707 814 quomodo
729 735 865 795 homines
886 735 964 795 iusto
993 735 1042 796 dei
1063 735 1175 796 iudicio
1197 736 1317 814 partici-

116 849 195 920 pant
207 839 293 919 penis
307 838 434 898 fratrum
450 858 571 898 suorum
588 839 856 916 proportionaliter
864 838 905 898 ad
914 833 1133 910 consensunr,⁶²
1147 849 1178 899 et
1190 839 1232 899 sie
1241 837 1317 898 mul-

116 942 296 1022 tiplicantur
311 950 438 1020 peccata
452 937 785 1026 proporcionabiliter⁶³
802 949 813 1010 ΙΙ
829 962 986 1020 penarum,
1002 950 1033 1001 et
1047 943 1089 1002 ita
1104 943 1214 1002 iustum
1229 941 1315 1014 foret,
1337 982 1338 1002 r
1354 950 1475 1002 &sot-³⁴⁶¹

116 1047 141 1106 si
174 1045 241 1124 quis
276 1039 424 1104 racioni⁶⁴
460 1043 638 1116 attenderet,
676 1044 758 1124 quod
794 1045 892 1104 viator
927 1043 1083 1104 humiliter
1118 1045 1318 1124 participatur

91 1147 204 1226 spanis
227 1145 445 1218 communibus,
474 1155 508 1206 ut
529 1147 722 1225 pestilenciis,
751 1145 1041 1226 depopulacionibus
1063 1157 1094 1207 et
1115 1147 1182 1207 aliis
1204 1147 1317 1226 penali·

116 1250 242 1324 tatibus,
270 1269 345 1330 quas
367 1250 442 1310 deus
463 1249 555 1309 infert
576 1249 736 1310 iustissime
758 1249 842 1328 plebi
864 1271 925 1322 sue,
958 1258 989 1311 et
1010 1270 1065 1328 per
1085 1250 1175 1311 istam
1198 1250 1317 1328 partici-

115 1355 261 1432 pauciam
292 1362 393 1432 posset
423 1373 502 1432 pena
534 1353 708 1431 temporalis
740 1349 881 1413 cedere⁶³
904 1353 945 1414 ad
967 1353 1183 1432 purgacionem
1205 1362 1236 1413 et
1258 1373 1317 1412 me·

115 1458 208 1517 ritum
238 1456 446 1535 predestinati,
470 1476 538 1516 curn
562 1451 712 1515 Cristus⁶⁶
740 1455 937 1533 elongancius
958 1451 1045 1535 pr0⁶⁷
1070 1456 1198 1515 aliorum
1220 1455 1317 1515 erimi-

116 1559 207 1619 nibus
239 1568 285 1620 est
314 1558 446 1637 punitus.
491 1556 534 1617 Et
565 1554 641 1618 sic⁶⁸
673 1558 798 1618 concedi
821 1557 913 1618 debet
935 1559 1070 1630 ulterius,
1103 1558 1184 1637 quod
1207 1556 1317 1618 salvati

79 1671 151 1723 ruet
182 1661 342 1740 dampnati
373 1681 427 1740 pro
457 1661 518 1721 illis
548 1660 677 1721 statibus
700 1681 760 1720 non
782 1661 968 1739 participant
989 1661 1078 1722 dictis
1099 1661 1193 1740 penis.
1239 1659 1316 1722 Cum

116 1767 196 1826 iusto
224 1765 272 1824 dei
294 1764 412 1824 iusticie
435 1773 554 1842 oportet
579 1783 595 1823 e
628 1773 748 1836 contra,
781 1763 862 1844 quod
892 1764 1003 1825 salvati
1033 1763 1149 1824 habent
1178 1764 1316 1824 acciden-

117 1868 180 1928 tale
203 1867 348 1946 gaudium
372 1866 410 1926 ds
431 1865 517 1926 iustis
539 1865 750 1945 puuicicnibus
772 1866 1015 1945 dampnatorum,
1032 1834 1069 1926 ¹et
1088 1867 1246 1945 dampnati
1265 1867 1317 1928 ha·

117 1971 192 2032 bent
222 1968 443 2031 accidentalem
473 1988 584 2046 penam
610 1968 661 2029 vel
683 1964 1024 2030 remurmuracionem⁶⁹
1047 1969 1085 2029 de
1107 1970 1226 2047 gaudiis
1248 1968 1317 2030 bea-

116 2085 226 2134 torum.
257 2071 300 2132 Et
321 2073 379 2132 boc
402 2081 447 2132 est
468 2071 671 2144 iustissimum,
695 2091 765 2133 oum
786 2072 818 2132 in
840 2073 891 2132 via
906 2072 1103 2150 predestinati
1118 2072 1318 2150 paciebantur

76 2189 106 2236 ro
116 2177 272 2238 humiliter
298 2170 637 2236 remurmuracionem⁷⁰
665 2175 862 2253 prescitorum
891 2183 997 2234 contra
1019 2173 1214 2235 observantes
1236 2176 1318 2235 iusti·

116 2283 206 2354 ciam,
239 2280 291 2360 qui
313 2279 393 2357 ipsos
415 2275 591 2349 irridebant,
623 2278 761 2339 vocando
783 2273 898 2358 ipsos⁷¹
930 2278 1092 2356 ypocritas,
1124 2297 1180 2338 sua
1210 2278 1317 2338 merita

116 2382 317 2444 retardantes.
362 2380 436 2441 Ideo
467 2380 578 2440 iustum
611 2389 665 2451 est,
697 2380 778 2460 quod
805 2380 859 2440 liat
889 2381 1125 2459 proporcionalis
1155 2380 1317 2442 retribueio

116 2493 186 2565 post
208 2485 287 2545 diem
309 2483 423 2555 iudicii,
446 2493 477 2543 et
498 2483 541 2543 sic
564 2503 695 2561 arguens
717 2504 771 2561 per
791 2483 892 2544 locum
909 2503 927 2543 a
943 2483 1103 2543 sufficienti
1122 2483 1317 2545 similitudine

117 2583 260 2648 rerum7'
288 2587 388 2660 infert,
421 2582 508 2646 sed⁷³
539 2586 594 2646 illa
625 2586 811 2647 sufficientia
842 2586 1046 2647 similitudinis
1079 2586 1242 2647 discrecius
1272 2597 1317 2647 est

73 2686 292 2751 annotanda.⁷⁴

609 2929 720 3022 'orn
745 2925 814 3022 nr

203 3167 253 3228 Ex
284 3168 349 3228 istis
376 3167 464 3228 dictis
490 3167 528 3227 de
560 3187 707 3228 consensu
738 3176 769 3227 et
799 3168 935 3246 practico
966 3178 1063 3246 patet,
1097 3169 1178 3249 quod
1209 3169 1317 3228 fratres

115 3272 315 3333 consenoiunt
345 3271 462 3331 crimini
490 3271 534 3330 sui
557 3270 652 3330 tocius
675 3271 815 3349 corporis,
849 3271 1002 3350 quianon
1025 3281 1070 3332 est
1091 3272 1200 3352 aliquis
1223 3273 1318 3332 frater

114 3375 246 3437 alicuius
276 3373 397 3444 ordinis,
430 3373 502 3452 quin
529 3373 642 3434 efficiat
663 3369 906 3452 particulariter¹
929 3374 959 3434 in
982 3374 1049 3446 hoc,
1082 3375 1162 3455 quod
1184 3376 1317 3453 integrat

185 3575 207 3606 ⁶¹
225 3591 380 3627 eonsensum
390 3578 432 3652 Ep
475 3574 647 3644 cousensuapl
725 3573 747 3604 ⁶³
764 3593 836 3642 prop.
861 3591 907 3642 per
928 3578 1115 3642 participanoia
1131 3579 1160 3638 (l
1177 3579 1316 3644 patiencia]

115 3667 166 3742 μ,
186 3665 260 3712 below
278 3665 300 3711 it
316 3669 450 3728 perpetua,
468 3665 517 3712 aa
533 3663 556 3710 is
573 3663 649 3724 apaan
666 3667 756 3712 er.out
785 3671 814 3712 ut
831 3661 1099 3732 participtanlauciapl
1146 3661 1168 3691 ⁶⁴
1185 3665 1319 3714 racioniE

150 3747 233 3818 ampl,
252 3747 335 3816 bntfl¹
353 3751 399 3797 lar
414 3765 478 3798 eor-r.
495 3748 599 3797 racione
615 3749 667 3795 iuro
685 3750 724 3796 tae
742 3753 793 3796 tert
832 3748 989 3824 racionsmy
1071 3746 1092 3776 ⁶⁶
1110 3749 1258 3815 temporalia
1276 3767 1316 3800 ce-

116 3837 205 3910 dereq
231 3835 418 3899 temporalibus
429 3835 472 3894 (in
484 3851 546 3882 mar.
558 3849 623 3881 corr.
636 3833 688 3881 iulo
699 3833 866 3898 temporalia)
878 3835 972 3884 cedere
983 3836 1010 3884 Ε
1033 3835 1182 3902 temporalis
1194 3835 1288 3885 cadero
1298 3835 1317 3905 {l

116 3921 138 3951 ‘⁴
156 3923 255 3972 cristus
264 3918 309 3990 Εβ
343 3937 437 3995 unusy
488 3917 510 3946 ⁶⁷
528 3935 573 3984 pro
586 3915 623 3993 ply
657 3921 740 3984 perE
798 3915 820 3947 ⁶⁸
837 3919 928 3990 sicEsl
962 3939 1037 3996 amq
1106 3917 1127 3948 θ’
1145 3937 1317 3971 reuurrrnura·

117 4010 218 4058 cionem
228 4004 288 4076 ap.
306 4009 363 4056 lere
379 4023 396 4054 α
413 4007 549 4055 correction
565 4005 780 4069 lortalrmploce
814 4008 1083 4082 remuneracionemy
1136 4003 1157 4034 ⁷⁰
1175 4021 1316 4056 remurmu-

117 4095 248 4144 raoiouem
257 4090 302 4162 Εβ
341 4092 607 4165 remuneracionemq
666 4087 686 4118 Π
705 4091 773 4156 ipsos
784 4093 826 4167 Ep
861 4092 918 4141 illos
928 4090 946 4161 ,d
1009 4089 1031 4119 ⁷²
1048 4109 1138 4142 verum
1148 4090 1193 4161 Εβ
1228 4109 1316 4168 varey

119 4177 139 4207 ⁷³
156 4177 249 4254 aedfly
284 4179 354 4244 quod
367 4179 419 4240 (cr.
437 4181 496 4240 cul)
509 4180 542 4234 E,
559 4179 601 4226 but
618 4179 644 4225 ln
661 4195 724 4225 mar.
742 4177 788 4226 sed
859 4173 881 4204 u
898 4178 1012 4228 notanda
1022 4179 1064 4253 Ep
1104 4177 1219 4228 notanda
1238 4183 1316 4228 etce-

119 4275 175 4316 tsra
191 4264 316 4331 Sequitur
332 4264 476 4330 capitulum
498 4264 607 4314 tercium
624 4279 672 4328 per
690 4262 807 4312 ordinem
825 4271 851 4312 et
869 4263 984 4334 ceterass

188 4353 265 4401 cAP.
284 4352 343 4400 ΙΙΙ.
380 4348 388 4378 ¹
407 4350 597 4416 particulariter
605 4351 648 4424 By
683 4345 859 4418 paroialiterfl
