3248 5138
360 523 421 580 306
764 512 956 562 conanum
979 511 1120 569 wrcnrr,
1433 507 1489 576 [οφ
1503 511 1533 558 Π

444 688 487 748 Et
509 688 551 748 sic
567 686 753 747 attendendo
769 685 809 746 ad
824 685 880 746 has
901 694 999 746 sectas
1015 685 1153 746 novellas
1168 694 1263 764 patet,
1287 685 1370 764 quod
1392 705 1428 745 ex
1448 705 1532 745 aarum

358 790 508 852 tructibus
529 789 716 850 inclinantur
737 790 769 849 in
791 787 860 861 fide,
884 807 938 866 spe
960 796 991 847 et
1013 788 1141 849 caritate
1163 789 1301 848 deficere.

445 893 483 953 In
505 892 565 952 fide
587 892 718 971 quidem,
743 891 814 970 quia
836 899 953 951 certum
980 899 1038 964 est,
1069 891 1151 971 quod
1172 891 1336 970 suppositis
1358 911 1456 950 eorum
1476 890 1534 950 ficti·

360 997 413 1058 ciis
436 997 474 1056 de
497 995 632 1056 bonitate
654 1014 777 1054 suorum
800 993 940 1054 ordinum
963 1013 1056 1071 supra
1078 992 1170 1054 Cristi
1196 993 1344 1064 ordinem,
1368 991 1477 1054 Cristus
1496 992 1534 1052 vel

359 1100 439 1159 foret
458 1099 623 1177 impotens,
655 1097 799 1175 insipiens
822 1096 872 1156 vel
893 1095 1028 1168 invidus,
1061 1097 1112 1176 qui
1139 1105 1203 1156 tam
1231 1097 1416 1157 necessarios
1436 1095 1564 1156 ordiness

190 1221 197 1271 'i
208 1219 251 1259 ru
260 1217 346 1269 socru
361 1211 391 1262 ct
412 1201 501 1262 utiles
524 1199 651 1261 ecclesie
665 1196 674 1281 ,ll
689 1219 783 1278 usque
799 1199 839 1260 ad
861 1209 982 1277 tempus
1004 1199 1166 1260 soluoionis
1184 1199 1312 1260 sathane
1328 1198 1501 1277 expectavit,
1515 1212 1537 1256 et

360 1316 433 1366 tunc
456 1324 511 1364 nec
533 1303 603 1364 illas
624 1303 774 1381 scriptura
789 1321 845 1363 sua
866 1322 923 1362 nec
938 1300 1039 1362 verbis
1062 1301 1246 1381 propheticis
1265 1301 1476 1380 promulgavit
1496 1301 1537 1360 sed

360 1408 496 1488 permisit
517 1406 587 1466 illas
609 1404 739 1467 suboriri
759 1405 791 1464 in
814 1405 943 1466 ecclesia
958 1405 1023 1465 sine
1038 1404 1138 1466 officio
1158 1404 1207 1465 vel
1223 1404 1331 1483 regula
1352 1404 1477 1464 limitata
1496 1424 1537 1482 per

360 1511 432 1572 ficta
454 1509 613 1570 mendacia
636 1519 667 1569 et
688 1508 835 1586 sompnia,
860 1528 938 1580 cum,
962 1507 987 1568 si
1008 1507 1119 1568 fratres
1145 1507 1196 1568 vel
1218 1517 1300 1568 secte
1323 1507 1384 1568 alie
1410 1507 1537 1567 haberent

361 1613 423 1674 alia
444 1612 658 1683 fundamenta,
681 1610 737 1670 illa
759 1611 936 1688 detegerent
958 1611 998 1671 ad
1020 1610 1166 1672 honorem
1188 1611 1234 1672 sui
1256 1610 1380 1684 ordinis,
1403 1631 1467 1671 cum
1486 1619 1566 1669 tanto

360 1717 392 1776 in
414 1715 507 1788 scola,
532 1733 623 1793 quam
646 1722 734 1774 extra
756 1713 797 1774 ad
819 1714 877 1773 hoc
900 1713 1033 1774 crebrius
1055 1722 1128 1774 sunt
1141 1713 1264 1794 pulsati.
1287 1745 1329 1754 -
1351 1713 1395 1773 Et
1415 1712 1480 1773 talis
1498 1731 1538 1772 re

361 1819 435 1880 ritas
457 1817 496 1877 de
518 1826 631 1896 quanto
654 1817 751 1895 magis
774 1815 951 1887 ostenditur,
975 1817 1122 1878 detento
1145 1816 1185 1878 ad
1202 1816 1317 1878 bonum
1340 1815 1463 1877 ecclesie
1482 1814 1539 1892 plus

362 1920 544 2001 splenderet.
713 1991 716 1999 Ι

446 2023 484 2084 ln
506 2043 560 2101 spe
582 2032 684 2084 autem
707 2022 763 2082 hee
785 2031 868 2082 secte
890 2021 1046 2095 deficiunt,
1077 2043 1146 2084 cum
1169 2033 1306 2103 sperant,
1332 2022 1539 2102 quodpropter

362 2126 560 2206 irregularem
576 2126 803 2186 onustacionem
823 2125 951 2186 ecclesie
965 2125 1171 2186 introductam
1185 2125 1291 2187 fideles
1306 2145 1462 2204 pauperes,
1477 2143 1538 2202 quos
1547 2135 1567 2180 rt

362 2230 452 2290 modo
475 2228 616 2308 spoliant,
639 2229 671 2288 in
694 2228 743 2288 die
765 2228 870 2288 iudicii
892 2226 1080 2288 iudicabunt.
1126 2227 1169 2289 Et
1201 2239 1320 2290 tantam
1347 2229 1409 2289 vim
1436 2227 1539 2288 virtutis

363 2339 480 2411 ponunt
500 2332 532 2391 in
556 2332 617 2391 suis
639 2329 804 2403 habitibus,
828 2330 909 2410 quod
932 2338 1064 2409 sperant,
1097 2331 1122 2392 si
1144 2351 1274 2411 persona
1302 2330 1415 2410 aliqua,
1438 2331 1480 2390 vir
1499 2327 1538 2388 vel

363 2435 477 2495 femina
499 2433 646 2494 moriatur
666 2433 698 2492 in
720 2433 793 2511 ipsis
816 2453 878 2493 non
903 2431 1122 2511 dampnabitur
1144 2433 1184 2493 ad
1206 2434 1379 2494 infernum.

449 2535 492 2596 Et
511 2537 544 2596 in
567 2536 693 2596 caritate
715 2537 871 2614 signanter
894 2536 1052 2608 deficiunt,
1084 2556 1153 2596 cunr
1177 2556 1238 2596 non
1269 2557 1308 2597 ex
1330 2538 1457 2597 caritate
1484 2535 1539 2596 sim·

364 2639 459 2717 plices
481 2658 630 2717 pauperes
653 2646 758 2698 contro
789 2639 1000 2698 auctoritatem
1032 2638 1146 2698 domini
1167 2638 1348 2717 spoliarent,
1376 2639 1430 2700 sed
1451 2638 1568 2718 pociusa·

364 2741 587 2802 exhonorarent
608 2740 769 2801 ecclesiam
791 2741 822 2800 in
845 2741 999 2819 paucitate
1021 2741 1153 2814 numeri,
1177 2749 1208 2801 ot
1230 2743 1373 2802 manuale
1396 2763 1463 2802 curn
1483 2761 1540 2818 apo

363 2843 441 2904 stolo
464 2841 651 2916 laborarent,
683 2851 806 2904 etcum
828 2851 893 2904 tota
915 2863 971 2903 sua
1002 2845 1113 2904 caritas
1144 2844 1281 2905 consistit
1310 2845 1343 2904 in
1370 2843 1539 2910 obediencia,

364 2947 448 3026 quia,
472 2956 506 3006 ut
527 2946 680 3026 inquiunt,
713 2947 744 3006 in
767 2945 824 3006 hiis
846 2945 943 3007 tribus
965 2947 1101 3007 consistit
1122 2947 1274 3026 perfeccio
1302 2947 1349 3008 sui
1372 2947 1491 3016 ordinis,
1516 2945 1540 3002 in

363 3057 552 3129 paupertate,
577 3049 718 3109 castitate
741 3058 771 3108 et
793 3047 979 3110 obediencia.

882 3307 968 3366 CAP.
999 3307 1046 3366 VI.

451 3475 512 3536 Sed
534 3485 623 3536 extra
644 3475 712 3536 illos
735 3475 855 3536 ordines
878 3478 1077 3556 congregacio
1104 3477 1202 3538 eciam
1228 3477 1411 3538 secularirun
1431 3477 1460 3536 in
1480 3475 1569 3534 duca

364 3578 421 3640 bus
443 3579 547 3659 primis
569 3578 681 3657 poterit
701 3579 767 3638 istis
790 3579 946 3640 ordinibus
968 3580 1118 3660 coequari.
1163 3579 1244 3640 Ymo
1267 3589 1363 3641 restat
1383 3580 1449 3651 illis,
1472 3574 1540 3656 quod

363 3683 396 3741 in
418 3702 473 3742 sua
495 3681 673 3742 obediencia
695 3701 751 3740 sua
773 3682 884 3741 caritas
907 3682 1101 3760 singulariter
1127 3691 1336 3762 consequetur.
1382 3681 1467 3744 Unde
1487 3689 1540 3738 tan·

365 3794 430 3844 tum
452 3783 649 3861 magnificant
671 3783 894 3857 obedienciam,
927 3805 1018 3866 quarn
1048 3785 1167 3847 faciunt
1192 3785 1345 3863 preposito
1368 3785 1412 3846 sui
1433 3780 1539 3844 ordinis,

365 3886 445 3966 quod
468 3887 588 3958 dicunt,
612 3887 709 3964 ipsam
733 3886 884 3947 excellere
912 3907 1000 3948 omne
1028 3908 1104 3967 opus
1126 3887 1311 3947 meritorium
1319 3893 1343 3960 ,⁶
1373 3885 1448 3967 quod
1469 3901 1539 3943 secu·

364 3989 436 4048 laris
458 3997 561 4068 posset
582 3989 692 4049 facere.
738 3989 812 4049 Ideo
834 4010 958 4050 necesse
986 4000 1032 4051 est
1053 3991 1134 4070 ipsos
1160 3992 1192 4051 in
1215 3989 1402 4051 beatitudine
1427 4007 1483 4047 non
1502 3995 1568 4044 scu

578 4189 589 4220 ι’
607 4211 645 4256 cp.
664 4195 704 4241 tlte
720 4209 776 4258 very
793 4210 860 4242 rame
876 4195 934 4242 idea
951 4195 1025 4242 abone
1038 4212 1065 4258 p.
1086 4201 1134 4246 ut
1151 4201 1207 4244 note
1224 4195 1245 4244 b.

581 4279 656 4327 OAP.
679 4278 726 4327 VI.
760 4283 772 4306 ¹¹
791 4282 829 4328 Ar
846 4283 870 4328 to
889 4281 944 4336 thie,
964 4297 1002 4344 cp.
1021 4281 1095 4330 chone
1108 4299 1136 4344 p.
1157 4281 1247 4347 llOff.
