3188 5148
362 565 468 608 LXXVI
821 543 1107 594 INTRODUOTION.

361 723 411 778 Ds
432 721 651 789 responsione
673 721 849 776 cuiusdam
870 720 1027 776 doctoris.

431 819 528 869 Doctor
544 818 651 884 quidam
668 819 792 869 veritatis.
821 820 891 886 finis.
911 823 957 868 aut
974 823 1058 868 cesset
1075 816 1188 868 finaliter
1205 818 1332 868 altiborus
1348 818 1404 879 (f).

362 926 611 996 Responsiones
633 927 677 982 ad
698 929 894 995 argumente
916 925 1092 982 cuiusdam
1113 925 1279 982 monachi.

431 1025 529 1074 Doctor
545 1023 621 1074 nimis
639 1024 805 1075 reverendus.
834 1027 902 1093 finis.
921 1030 948 1076 et
965 1025 1071 1074 subtilia
1088 1031 1250 1090 argumenta.

363 1149 610 1302 Responsiorlrge‘s
642 1161 702 1205 sex
738 1151 853 1206 utrum
884 1149 964 1205 lieet
993 1147 1140 1205 seculari
1172 1150 1302 1204 clerum
1333 1147 1539 1215 deliquentem

482 1236 553 1291 cest
607 1249 654 1292 re.

430 1332 580 1399 Discipulos
597 1332 704 1398 quidam
721 1333 886 1384 venerabilis.
916 1335 986 1402 finis.
1005 1333 1085 1383 laicos
1103 1331 1246 1382 mortaliter
1262 1338 1413 1397 peccantes.

361 1458 410 1513 De
432 1457 569 1515 diabolo
590 1461 624 1514 et
643 1457 801 1514 membris
824 1459 907 1527 ejus.

431 1555 525 1606 Fertur
542 1555 672 1622 quendam
691 1555 805 1606 fratrem.
835 1558 903 1626 fisis.
923 1557 955 1607 de
974 1556 1085 1607 ecclesia
1101 1557 1167 1624 Jesu
1185 1554 1286 1605 Christi.

362 1679 411 1736 De
433 1679 588 1736 demonio
611 1680 805 1737 meridiano.

431 1777 514 1828 Frons
531 1778 673 1828 meretricis
691 1778 761 1828 facta
779 1785 826 1829 est.
855 1781 925 1847 finis.
943 1779 970 1829 in
987 1779 1083 1846 Anglia
1103 1778 1257 1845 germinare.

362 1901 516 1970 Epistola
536 1901 639 1959 misse
660 1917 758 1972 pape.

431 1999 541 2050 Gaudeo
558 2000 644 2067 plane.
674 2003 743 2070 finio
761 2007 853 2068 petens
872 2001 989 2052 condicio
1007 2000 1157 2051 antichristi.

363 2107 591 2176 Quadraginta
613 2120 783 2166 sermones
806 2109 983 2178 compositi
1005 2109 1086 2164 dum
1109 2108 1202 2165 stetit
1222 2108 1258 2163 in
1281 2108 1392 2164 scolis.

430 2206 504 2256 Hora
522 2211 561 2256 est
577 2206 630 2255 iam
647 2222 702 2256 nos.
732 2210 801 2276 finin

363 2312 516 2381 Epistola
537 2313 642 2370 missa
662 2313 902 2372 Lincolniensi.
1576 2366 1577 2403 ᾖ

431 2411 545 2462 Humilis
562 2429 652 2463 servus
670 2411 765 2464 Christi
782 2419 809 2462 et
826 2413 867 2464 ds.
896 2415 965 2482 fisis.
984 2419 1011 2463 et
1026 2413 1175 2464 testimonio
1192 2411 1365 2463 continuet-ur.
1576 2406 1577 2485 i

1576 2492 1577 2515 r

363 2519 486 2575 Ferme
504 2519 687 2588 juramenti
709 2520 853 2578 Amoldi
875 2522 917 2577 ds
940 2520 1113 2577 Grsnsrio.

431 2617 490 2667 Hec
508 2623 547 2668 est
563 2618 646 2668 forms
659 2619 811 2683 juramenti.
840 2619 910 2687 finis.
929 2619 979 2669 fuit
996 2618 1099 2684 gracius
1116 2619 1234 2685 repetita.

362 2725 411 2780 De
433 2725 634 2783 necessitate
655 2726 856 2783 futurorum.

431 2823 598 2889 Inpugnante
616 2823 755 2889 quondam.
785 2826 854 2893 finis.
872 2823 899 2873 in
917 2824 1028 2874 veritate
1046 2825 1141 2890 poterit
1159 2825 1305 2875 defensare.

362 2930 412 2986 De
433 2929 690 2989 universalibus.
714 2946 811 3000 capp.
836 2934 885 2987 15.

430 3027 605 3095 Inpugnaudo
623 3045 729 3082 errores.
759 3030 829 3098 finis.
848 3030 950 3095 apperit
967 3045 1126 3096 agressurus.

362 3135 412 3191 De
434 3137 595 3204 tempore.

430 3233 462 3282 In
483 3233 618 3283 tractando
640 3233 672 3284 de
690 3241 815 3301 tempore.
843 3239 914 3304 finis.
933 3250 980 3302 per
997 3251 1159 3300 consequeus
1177 3233 1252 3284 modo
1271 3233 1351 3285 instat
1367 3231 1488 3285 oracionis
1503 3221 1539 3272 sui-

482 3318 601 3384 frugium.

362 3427 412 3483 De
433 3401 661 3495 responsione.

430 3524 503 3574 Inter
520 3525 573 3574 alia
589 3523 678 3575 doctor
695 3525 778 3575 nimis.
808 3527 877 3594 finis.
897 3525 1021 3576 raciennli
1040 3531 1067 3577 et
1083 3526 1202 3576 honesta.

362 3631 578 3688 Dissensione
600 3632 689 3688 facte
710 3633 747 3690 iu
768 3646 907 3689 romena
929 3633 1032 3689 ouria.

432 3730 488 3780 Iam
505 3729 596 3780 incidit
613 3737 733 3780 tractare.
763 3733 831 3800 fiale

363 3837 565 3894 Exhortaoio
587 3837 764 3906 oru'usdam
784 3838 941 3895 doctoris.

431 3935 535 3986 Labore
551 3934 624 3985 sicud
641 3935 732 3985 bonus.
762 3937 831 4002 finis.
851 3935 970 3986 concedit
986 3935 1052 3986 deus
1069 3936 1193 3986 veritatis.

362 4043 412 4099 De
435 4045 509 4099 octo
529 4041 806 4099 beatitudinibus.
829 4057 926 4112 capp.
951 4045 1002 4099 12.

431 4140 507 4191 Licet
523 4147 606 4190 totum
624 4141 806 4207 ewangelium.
835 4143 904 4209 finis.
924 4141 999 4206 quasi
1017 4156 1071 4191 una
1088 4141 1121 4191 sit
1138 4141 1232 4192 anima

362 4248 412 4305 De
433 4249 590 4304 Sermone
612 4247 741 4304 domini
761 4247 797 4303 tn
818 4252 941 4305 monte.
971 4247 1082 4304 Habet
1096 4251 1241 4316 quatuor
1259 4248 1375 4306 libros.
1398 4259 1486 4318 osup·
1499 4235 1537 4292 ⁰²·

431 4346 506 4396 Licet
522 4353 604 4396 totum
623 4346 805 4412 ewangelium.
834 4347 903 4414 ficia
923 4346 1006 4411 prime
1023 4346 1103 4413 partis
1120 4345 1254 4397 srrfficiunt
1269 4363 1315 4413 pro
1333 4346 1452 4414 presenti.
