3248 5138
347 527 407 586 362
768 523 958 571 Jonssrrrs
982 524 1121 580 ursata,
1437 524 1516 592 ps„

345 695 482 756 condicio
505 703 558 754 aut
579 694 801 773 interpretacio‚
825 715 916 776 quarn
938 695 1042 756 fideles
1069 695 1229 775 imponunt
1250 696 1391 776 dyabolo.
1433 697 1518 758 Habet

346 798 425 858 enim
457 797 606 876 dyabolus
636 797 726 857 istam
753 797 963 878 blasphemam
986 799 1193 862 condicionem
1216 813 1322 860 contra
1344 797 1439 860 viam⁷
1460 802 1519 861 veri·

345 901 424 973 tatis,
457 900 538 981 quod
568 901 607 960 sit
637 899 796 978 dyabolica
827 900 959 962 finaliter
987 902 1156 964 induratus.
1201 901 1244 963 Et
1265 901 1341 963 ista⁸
1363 905 1520 983 proprietas,

345 1025 403 1085 que
434 997 643 1065 connectitur⁹
674 1023 743 1063 cum
771 1002 913 1082 dyabolo,
945 1004 1037 1064 infert
1060 1005 1098 1066 de
1120 1005 1260 1066 omnibus
1282 1006 1425 1084 prescitis,
1456 1008 1522 1086 quod

344 1117 415 1168 sunt
437 1106 561 1186 dyaboli
583 1105 749 1167 secundum
770 1106 975 1166 testimonium
998 1109 1157 1168 veritatis.⁰
1542 1123 1551 1164 t

432 1206 515 1272 Sic²⁰
542 1209 622 1270 enim
649 1209 745 1269 omnis
772 1208 994 1286 predestinatus
1022 1219 1067 1271 est
1089 1211 1186 1272 bonus
1209 1211 1348 1290 angelus3
1380 1232 1446 1272 nam
1468 1211 1523 1271 lla·

345 1314 425 1375 lach.
450 1307 510 1374 20⁰²
533 1321 564 1372 et
585 1330 656 1389 sepe
679 1310 767 1371 alibie
789 1320 880 1371 vocat
901 1311 975 1372 fides
997 1313 1145 1392 scripture
1164 1314 1387 1393 predestinatos
1405 1315 1523 1392 angelos,

345 1427 376 1478 et
397 1437 458 1477 non
481 1414 620 1486 dubium,
653 1415 725 1494 quin
748 1423 819 1474 sunt
840 1413 912 1474 boni
934 1415 1049 1493 angeli,
1081 1450 1122 1458 -
1154 1437 1247 1496 quare
1278 1438 1350 1494 ergo
1380 1438 1439 1477 non
1465 1432 1524 1478 sunt

344 1520 467 1600 presciti
498 1517 579 1578 missi
602 1537 621 1576 a
642 1516 773 1595 dyabolo
796 1516 835 1576 ad
858 1517 1064 1578 seducendum
1091 1518 1260 1591 ecclesiam,
1292 1520 1367 1581 rnali
1389 1521 1482 1599 angeli
1500 1538 1524 1581 et

344 1624 388 1684 sic
411 1621 554 1701 dyaboli?
593 1617 670 1679 Cum
693 1639 764 1698 ergo
786 1619 920 1700 quelibet
942 1639 1071 1699 persona
1090 1620 1218 1682 hominia
1236 1620 1275 1681 sit
1290 1623 1421 1701 spiritus,
1442 1635 1553 1702 patetru

345 1727 426 1808 quod
449 1722 576 1806 quilibet
597 1722 820 1800 predestinatus
842 1723 881 1782 sit
910 1721 1007 1783 bonus
1034 1723 1155 1802 spiritus
1182 1733 1212 1784 et
1240 1724 1369 1805 quilibet
1395 1727 1525 1804 prescitus

344 1829 443 1889 malus
466 1827 595 1905 spiritua.

430 1929 472 1990 Et
494 1929 659 1991 concordat
679 1926 892 2007 interpretacio
915 1928 1043 1988 nominis
1066 1949 1135 1988 cum
1157 1928 1214 1990 hoc
1241 1949 1341 1992 sensu.
1386 1927 1525 1992 Dicitur¹¹

345 2034 425 2094 enim
441 2031 590 2111 dyabolus
605 2051 625 2091 a
639 2031 709 2110 dya,
729 2030 810 2111 quod
825 2039 871 2090 est
886 2030 955 2102 duo,
972 2039 1002 2090 et
1015 2029 1101 2091 bolos
1115 2031 1282 2104 morsellus,
1299 2035 1386 2113 quasi
1401 2035 1526 2094 mordens

344 2157 439 2217 usque
462 2135 503 2196 ad
525 2134 818 2196 consummacionem
841 2153 950 2212 corpus
972 2143 1004 2194 et
1024 2129 1199 2194 animumn
1236 2132 1315 2194 Cum
1338 2156 1408 2214 ergo
1431 2137 1556 2215 presel-re

344 2249 393 2300 tus
416 2241 457 2300 sie
480 2238 598 2298 mordet
612 2237 767 2316 proprium
790 2255 898 2314 corpus
919 2245 950 2296 et
972 2237 1112 2309 animam,
1137 2257 1206 2296 cum
1228 2238 1316 2297 iuxta
1338 2239 1527 2299 testimonium

345 2335 568 2421 Chrysostomis
589 2359 677 2400 nemo
704 2340 745 2399 sic
768 2338 887 2410 leditur,
911 2338 968 2398 nisi
989 2334 1232 2418 principaliter¹³
1253 2338 1345 2400 fuerit
1367 2341 1446 2401 lesus
1467 2361 1483 2400 a
1502 2361 1527 2400 se

344 2447 419 2524 ipso,
450 2452 536 2524 patet
557 2463 596 2504 ex
619 2442 780 2503 sufficienti
802 2441 982 2513 testimonio,
1010 2443 1091 2522 quod
1113 2442 1209 2502 omnis
1231 2444 1380 2520 prescitus
1402 2454 1446 2504 est
1466 2444 1528 2523 dya-

345 2547 442 2620 bolus,
471 2556 502 2608 et
524 2546 566 2607 sic
588 2565 677 2605 nemo
700 2543 924 2623 dampnabitur,
948 2544 1005 2605 nisi
1027 2544 1119 2604 fuerit
1141 2543 1291 2623 dyabolus
1314 2545 1492 2607 incarnatus.

430 2650 472 2710 Et
502 2650 544 2710 sic
576 2648 682 2709 dicunt
711 2645 854 2724 theologi,
887 2646 967 2727 quod
998 2647 1114 2726 duplex
1144 2656 1190 2708 ost
1212 2645 1403 2726 dyabolus,¹‘
1425 2649 1558 2710 sciliceta

343 2754 493 2833 dyabolus
513 2753 698 2823 incarnatus,
723 2749 891 2810 cuiusmodi
913 2759 957 2810 est
979 2749 1075 2810 omnis
1097 2749 1187 2810 homo
1217 2751 1375 2829 prescitos,
1407 2752 1476 2813 licet
1495 2752 1526 2810 ad

343 2867 462 2935 tempus
484 2853 575 2915 fuerit
597 2873 672 2932 pure
694 2853 824 2932 spiritus,
848 2871 904 2913 nec
926 2851 1024 2912 fidelis
1046 2852 1175 2925 dubitat,
1199 2853 1272 2932 quin
1293 2855 1394 2915 malus
1408 2855 1527 2934 spiritus.

343 2990 384 3001 —
413 2957 503 3018 Alius
535 2965 636 3016 autem
668 2963 713 3015 est
744 2955 865 3033 spiritus
896 2953 1054 3032 dyabolus,
1086 2956 1137 3035 qui
1167 2975 1228 3016 non
1250 2957 1438 3030 naturaliter,
1468 2955 1527 3018 licet

342 3061 524 3143 quandoque
547 3058 783 3130 accidentaliter,
808 3057 899 3118 fuerit
920 3058 1104 3130 incarnatus,
1132 3057 1299 3120 cuiusmodi
1315 3070 1386 3120 sunt
1409 3061 1527 3139 spiritus.

343 3165 394 3245 qui
427 3171 642 3225 consenserunt
671 3161 768 3240 primo
795 3169 941 3239 apostate.
986 3159 1028 3219 Et
1049 3160 1139 3239 primi
1162 3160 1285 3240 dyaboli
1308 3162 1423 3223 habent
1448 3164 1559 3223 maio-rs

183 3285 192 3334 j·
206 3282 329 3332 osana
343 3287 405 3328 rem
431 3273 443 3337 ΙΙ
468 3265 674 3326 condicionem
711 3262 852 3344 superbie
887 3281 977 3342 quam
1013 3264 1151 3336 secundi,
1184 3265 1261 3324 sicut
1296 3265 1385 3344 primi
1419 3265 1528 3345 spiriru

555 3489 564 3512 ⁶
582 3503 619 3549 φ.
638 3487 678 3534 tte
699 3501 765 3533 route
782 3485 840 3532 idea
858 3487 882 3532 r'n
901 3484 1013 3546 Lecbler,
1031 3485 1059 3533 J.
1074 3503 1096 3534 u.
1116 3485 1151 3534 W.
1172 3485 1194 3545 1,
1213 3489 1277 3542 55&-
1304 3503 1321 3534 a
1338 3487 1436 3535 similar
1452 3502 1491 3534 cae
1506 3486 1526 3529 iu

519 3571 695 3622 W’sseeavat
709 3573 823 3620 Serum
835 3568 940 3619 XXIV.
952 3571 1000 3618 No.
1011 3570 1057 3618 IV
1071 3571 1125 3620 cod.
1137 3573 1205 3622 3928
1222 3571 1341 3633 fol.130²
1369 3568 1440 3622 ‘'r-l
1474 3575 1482 3598 ‘
1492 3572 1526 3632 sor

513 3661 627 3718 inataace,
649 3655 709 3706 aet.
727 3662 752 3714 4,
771 3661 802 3705 Η
864 3651 879 3691 l
895 3655 914 3704 I
928 3657 989 3705 love
1006 3661 1047 3705 aot
1064 3657 1120 3706 been
1138 3657 1192 3706 able
1210 3661 1235 3704 lo
1252 3658 1334 3721 ren'ssy
1351 3659 1390 3706 tlte
1407 3659 1525 3721 pedulios-

513 3747 552 3793 tte
568 3745 693 3807 reference
711 3748 735 3792 lo
755 3743 792 3792 St.
811 3743 963 3807 Cla-tyronum
981 3743 1049 3805 tetny
1067 3747 1107 3791 too
1122 3741 1224 3806 perterrti

410 3949 420 3978 ⁷
438 3952 507 4002 riam
525 3967 542 3999 a
559 3966 623 3998 corr.
642 3950 710 3998 roord
727 3943 784 4017 ι’πβ
818 3946 1070 3998 misericordiam&
1123 3943 1134 3974 ⁸
1151 3947 1251 3998 1⁸ch
1283 3945 1351 4016 itali
1401 3945 1412 3974 ⁹
1428 3961 1523 3996 conum·

340 4040 433 4090 titurJ
465 4032 673 4104 convertituer
726 4031 747 4062 ¹⁰
763 4034 851 4083 sicOJ
883 4032 916 4082 sit
927 4029 946 4100 β
998 4028 1018 4058 ¹¹
1037 4031 1131 4082 dicitur
1140 4029 1179 4102 Οβ
1212 4031 1264 4096 dyc
1279 4035 1332 4094 (or.
1342 4037 1399 4095 ost)
1408 4029 1521 4081 (boland.

341 4128 367 4175 in
378 4142 440 4174 mur.
452 4126 474 4172 ia
486 4123 568 4174 added
580 4123 609 4186 by
621 4123 660 4171 tte
671 4121 790 4170 aetuans
806 4118 933 4183 dyabolus
1010 4114 1032 4144 ¹²
1048 4121 1074 4166 in
1093 4115 1111 4188 β
1129 4121 1150 4168 ia
1167 4120 1250 4168 added
1266 4123 1292 4168 in
1308 4137 1384 4170 maa:
1401 4113 1521 4182 Dyabolm

341 4211 411 4260 unde
429 4205 560 4278 diciturll¹
640 4203 661 4235 ¹³
679 4200 903 4273 principaliterdffl
946 4203 1026 4252 ormo
1094 4201 1115 4232 ¹⁴
1132 4206 1192 4252 ἐκ]
1207 4206 1229 4255 is
1246 4207 1329 4255 added
1345 4199 1520 4264 lamberte

341 4297 472 4345 testland:
490 4294 597 4361 Duplex
615 4291 742 4358 dyabolus
781 4294 806 4342 tn
824 4287 843 4360 β
861 4292 882 4340 is
899 4291 982 4338 added
999 4292 1024 4339 ia
1042 4307 1118 4340 mar..·
1136 4289 1271 4354 Dyabolus
1289 4297 1328 4340 ast
1346 4289 1435 4356 duplex
1446 4283 1472 4356 β’
