3248 5138
345 491 406 551 352
771 485 963 535 comunem
986 483 1125 542 ercule,
1422 485 1477 552 pm,
1495 485 1514 532 p

428 661 491 722 Iste
522 660 614 739 igitur
645 660 874 740 quaternarium
904 659 1037 720 mendax
1060 667 1107 720 est
1127 659 1217 720 radix
1240 660 1389 722 mendacii
1410 661 1516 722 ecclesie

344 765 510 838 militantis,
542 785 597 824 nec
630 761 764 835 dubium,
789 764 861 844 quin
888 763 1017 844 prodeat
1039 785 1133 845 usque
1157 763 1198 824 ed
1220 765 1430 844 sempiternum
1450 785 1517 825 meu·

345 869 466 930 dacium
493 867 734 946 dampnatorum.
781 865 912 946 Oportet
941 868 1020 928 euim
1052 867 1244 928 mendacium
1266 869 1419 930 terminari
1437 868 1465 928 in
1483 889 1519 928 re

344 971 446 1051 probis
467 972 500 1032 in
521 971 648 1043 irderno,
680 971 758 1031 sicut
779 977 898 1049 oportet
919 971 1013 1032 vitam
1036 991 1176 1032 veracem
1198 971 1355 1032 terminari
1376 971 1522 1051 adportes

345 1074 489 1148 veritatis,
512 1074 624 1156 quein
647 1072 808 1135 celestibus
831 1081 902 1134 sunt
922 1073 1021 1135 beate.
1540 1085 1550 1130 s

868 1335 955 1394 CAP.
986 1335 1017 1394 V.

429 1523 479 1584 Ex
501 1523 566 1584 istis
588 1523 708 1584 videtur
734 1522 873 1594 ulterius,
898 1522 979 1602 quod
1001 1521 1057 1582 iste
1079 1531 1161 1583 secte
1183 1532 1314 1602 quatuor
1336 1521 1436 1584 taliter
1456 1543 1521 1582 nlen-

345 1627 457 1688 cientes
487 1635 518 1688 et
548 1626 600 1688 alii
635 1626 707 1706 ipsis
742 1625 967 1686 consencientes
1002 1634 1109 1686 contra
1148 1626 1284 1688 veritatis
1324 1626 1473 1686 dominum
1499 1636 1521 1685 et

344 1739 438 1791 totam
469 1729 628 1791 ecclesiam
659 1729 859 1790 menciuntur.
905 1727 991 1788 Sicut
1020 1729 1100 1788 enim
1131 1749 1219 1789 nemo
1245 1737 1346 1808 potest
1376 1729 1521 1810 quidquem

345 1832 454 1905 dicere,
470 1833 527 1894 nisi
542 1833 663 1894 domiuo
679 1833 760 1892 dicen
775 1831 861 1902 illud,
885 1830 927 1891 sic
943 1851 1004 1891 uon
1018 1840 1118 1910 potest
1132 1832 1260 1906 mentiri,
1277 1833 1335 1894 nisi
1352 1840 1364 1904 ΙΙ
1380 1825 1522 1906 (maisel

293 2014 298 2024 ·
344 1936 479 1997 veritatis
500 1936 677 2008 mencietur,
701 1944 815 1995 etcum
831 1934 951 1996 veritati
966 1935 1062 2014 prime
1078 1935 1117 1996 sit
1131 1937 1344 2008 necessarium,
1361 1935 1442 1996 odire
1456 1953 1521 1994 men·
1532 1949 1553 1991 m

344 2039 479 2113 decium,
511 2061 579 2101 cum
612 2059 700 2100 omne
731 2037 792 2098 tale
824 2038 862 2097 sit
892 2036 949 2098 sibi
980 2039 1178 2111 contrarium,
1211 2047 1297 2118 patet
1324 2037 1524 2118 multiplicacio

345 2143 466 2204 testium
497 2141 642 2204 falsorum
673 2142 705 2202 in
735 2141 793 2202 hoc
823 2140 925 2201 seculo
960 2151 1067 2202 contre
1097 2139 1238 2203 Cristum.
1293 2141 1336 2203 Et
1364 2143 1432 2203 ideo
1461 2140 1525 2202 sicut

344 2255 451 2308 contre
477 2244 628 2326 apostolos
653 2246 777 2307 fuerunt
807 2244 902 2305 multe
924 2254 1005 2305 secte
1036 2245 1135 2306 Cristo
1157 2241 1333 2319 contrarie,²
1363 2245 1405 2306 sic
1435 2258 1525 2305 contre

345 2351 495 2430 apostolos
518 2361 588 2412 sunt
609 2349 699 2410 hodie
721 2348 816 2409 multe
838 2355 918 2409 secte
940 2368 995 2427 per
1016 2348 1183 2428 dyabolum
1205 2349 1386 2411 introducto.

430 2453 473 2515 Et
487 2463 592 2514 contra
605 2453 675 2514 illas
696 2452 852 2514 inveheret
873 2452 969 2512 fidelis
991 2452 1166 2533 prudenter,
1191 2465 1225 2514 ut
1246 2453 1287 2514 ed
1302 2473 1412 2534 puram
1426 2461 1549 2512 seclnun
1593 2441 1594 2517 l

345 2557 436 2620 Cristi
450 2579 505 2639 per
526 2578 612 2618 suom
627 2557 762 2636 greciam
781 2564 1005 2618 convertantur.
1029 2553 1158 2632 sideest
1180 2558 1259 2617 enim
1282 2577 1393 2637 corpus
1415 2573 1525 2636 peccare

346 2661 456 2740 poterit
478 2657 581 2736 (coelest
603 2660 635 2720 iu
657 2659 863 2739 superfluitate
885 2659 1024 2739 parcium
1047 2681 1138 2742 quem
1161 2660 1292 2733 defectu,
1316 2661 1359 2722 sic
1381 2669 1524 2741 peccatum

346 2773 445 2844 potest
475 2764 649 2844 contingere
680 2765 799 2844 corpori
830 2762 955 2824 ecclesie
987 2773 1019 2824 et
1048 2762 1109 2842 legi
1140 2763 1190 2824 dei
1220 2773 1283 2825 tem
1307 2785 1347 2826 ex
1369 2772 1527 2844 presumpte

346 2867 552 2950 superfluitate
575 2876 751 2930 vocatarum
775 2867 911 2946 parcium
934 2887 1025 2949 quem
1041 2887 1081 2928 ex
1103 2867 1224 2929 defectu
1238 2868 1387 2946 parcium,
1410 2885 1466 2947 que
1479 2859 1527 2926 ex⁵

346 2972 490 3052 primaria
512 2971 703 3032 ordinacione
727 2971 840 3032 domini
862 2972 1064 3052 requiruntur.
1102 2970 1177 3032 Ideo
1199 2971 1277 3032 sicut
1300 2967 1453 3032 medicus⁶
1471 2979 1557 3030 eva-ll

346 3084 419 3137 cuat
449 3074 670 3154 superfluitates
696 3074 883 3148 intrinsecas,
912 3075 1048 3136 sanando
1069 3073 1206 3136 homines
1229 3074 1333 3136 educit
1355 3081 1527 3156 apostemata
1591 3135 1592 3155 ,

346 3189 378 3241 et
398 3178 646 3259 putrefacciones,
671 3199 728 3260 que
750 3187 853 3258 partes
874 3178 1030 3240 naturales
1052 3187 1286 3257 corrumperent,
1315 3177 1358 3238 sie
1380 3173 1527 3260 spiritualis

347 3277 499 3344 medicus⁷
523 3281 562 3341 od
584 3281 775 3342 senecionem
798 3283 930 3362 corporis
951 3282 1078 3344 ecclesie
1099 3283 1255 3343 niteretur.
1293 3279 1346 3342 Sic
1360 3281 1440 3342 enim
1454 3279 1527 3340 Saru-

347 3387 413 3448 ceni
444 3394 475 3447 et
500 3395 580 3446 secte
607 3385 666 3446 elie
688 3405 708 3446 a
730 3385 878 3446 cristianis
900 3384 1039 3447 fidelibus
1069 3394 1141 3447 sunt
1162 3385 1302 3457 seiuncti;
1335 3392 1366 3446 et
1387 3385 1430 3446 sio
1450 3381 1526 3444 racio

346 3490 489 3552 uabiliter
509 3489 696 3550 iudaizantes
718 3510 737 3550 a
760 3488 957 3550 cristiauiemo
979 3489 1101 3550 fuerant
1122 3488 1262 3569 separati.
1532 3509 1554 3556 ξε

432 3591 493 3654 Vel
523 3592 615 3672 igitur
646 3601 805 3654 convertat
835 3592 962 3654 ecclesia
992 3593 1048 3654 hae
1079 3601 1176 3654 sectas
1207 3603 1338 3673 quatuor
1368 3591 1409 3652 ud
1430 3597 1525 3652 senten

347 3697 514 3778 simplicem
542 3695 723 3769 cristianam,
753 3694 801 3757 vel
829 3694 897 3757 illas
923 3705 1052 3758 evacuet
1074 3703 1196 3776 propter
1218 3695 1381 3756 sanitatem
1412 3691 1525 3772 corporis
1589 3733 1590 3793 p

561 3874 572 3904 Ψ
590 3870 606 3917 ι’.
624 3887 644 3916 e.
662 3869 702 3916 me
719 3867 788 3918 Fowr
806 3868 875 3916 seen

417 4027 492 4074 CAP.
515 4025 544 4073 V.
581 4021 589 4050 ¹
608 4040 653 4072 om.
671 4024 724 4072 cod.
798 4019 932 4072 'filerunt
950 4021 1024 4072 multi
1042 4022 1054 4070 l
1071 4025 1142 4072 secte
1164 4035 1211 4085 per
1227 4019 1310 4070 oneo
1332 4018 1453 4068 contrario
1466 4015 1522 4076 (eir)
1588 4031 1589 4111 p

348 4114 402 4162 cod.
453 4107 583 4160 ‘’siccod.
636 4106 710 4160 ‘om
728 4110 782 4158 cod.
834 4104 941 4175 ⁵quam
960 4123 993 4158 ex
1010 4107 1114 4158 defectu
1126 4107 1203 4168 (od.)
1221 4107 1328 4162 excod,
1345 4121 1421 4172 qnam
1437 4106 1456 4153 s'c
1471 4117 1521 4149 cerr.

348 4200 399 4248 into
416 4213 468 4265 que
571 4193 733 4246 ⁶mendicus
754 4195 807 4244 cod,
911 4189 1012 4244 ’cleos
1033 4194 1073 4242 ite
1093 4193 1140 4243 col.
1166 4193 1188 4242 ir
1213 4193 1287 4242 ade:
1313 4191 1389 4242 Secte
1414 4201 1520 4242 erocum

349 4285 378 4346 (l
389 4283 486 4346 entur]
504 4282 555 4332 nisi
570 4283 644 4348 quusi
662 4287 795 4348 apostema
814 4275 912 4329 ΜΡ
