3182 5142
81 604 129 650 rap.
148 583 179 651 1]
362 587 643 636 PUBGATORIUM
658 588 805 638 asom*
821 587 979 636 CHRISTI.
1202 591 1263 648 299

82 760 124 820 vel
144 759 258 820 ordinis
280 759 424 820 cristiani.
470 759 531 821 Sed
554 761 704 840 quomodo
719 760 879 821 cristianus
893 760 1037 820 induetur
1051 758 1101 819 vel
1117 758 1264 830 comedet,

82 873 107 923 et
126 863 166 923 sic
188 863 228 922 de
250 861 318 922 eliis
348 860 456 922 ritibus
485 863 691 937 sensibilibus,
724 872 770 924 est
800 862 1030 924 accidentaliter
1060 862 1266 922 concomitans

82 967 213 1026 datores.
256 965 300 1026 Et
321 965 364 1026 sic
386 964 516 1045 obligari
538 967 578 1027 ad
601 967 682 1027 istud
703 965 753 1026 vel
773 965 949 1044 desponsari
971 985 1039 1025 cum
1061 965 1126 1025 istis
1149 965 1266 1026 adulte·

82 1070 146 1130 riuis
165 1068 384 1129 tradicionibus
406 1077 452 1129 est
473 1069 612 1130 detento
634 1069 844 1149 derelinquere
859 1068 959 1146 legem
975 1068 1033 1128 dei.
1079 1067 1165 1143 Quis,
1181 1089 1264 1147 rogo,

63 1173 193 1250 tespicus
215 1171 295 1232 foret
317 1172 443 1232 affectus
466 1169 605 1247 color(e)¹
629 1172 679 1233 vel
694 1172 754 1232 alio
769 1171 920 1232 accidenti
936 1171 981 1231 sui
1003 1171 1130 1231 iumenti
1145 1180 1176 1232 st
1198 1171 1265 1232 sub-

82 1275 219 1334 stanciam
241 1273 358 1334 roboris
380 1275 443 1335 eius
466 1275 646 1336 dimitteret?

156 1376 262 1451 Unde,
296 1377 367 1457 quia
397 1377 532 1438 cristiani
554 1387 741 1456 cognoscunt
767 1377 960 1450 naturaliter,
993 1377 1074 1457 quod
1100 1397 1161 1438 non
1182 1378 1267 1438 valet

82 1480 225 1558 religionis
247 1479 364 1558 regula,
387 1480 446 1541 nisi
468 1480 598 1540 fundata
612 1480 705 1540 fuerit
726 1481 758 1539 in
781 1480 935 1558 sapiencia
950 1479 1065 1541 domini
1079 1478 1149 1540 Iesu
1164 1479 1265 1552 bristi,

83 1582 141 1642 idco
163 1583 264 1663 alique
291 1591 373 1644 secte
396 1583 500 1644 colunt
522 1582 655 1655 Eliamc,
684 1583 744 1643 alie
767 1582 918 1656 Elissam,
951 1592 982 1644 et
1012 1582 1073 1643 alie
1093 1582 1266 1662 Baptistam

52 1685 124 1744 uvel
145 1685 236 1745 alium
260 1705 315 1764 pro
337 1680 489 1763 patronol
508 1723 550 1732 —-
573 1685 636 1747 Sed
658 1695 773 1746 certum
796 1696 850 1759 est,
875 1686 955 1766 quod
973 1705 1077 1745 omnes
1092 1686 1147 1746 iste
1169 1687 1267 1747 ficcio·

82 1808 127 1848 nes
146 1789 272 1848 istorum
295 1808 443 1848 novorum
466 1788 605 1848 ordinum
628 1798 698 1849 sunt
719 1788 797 1848 false
818 1798 849 1849 et
871 1789 1021 1849 contrarie
1043 1787 1101 1848 sibi
1122 1789 1203 1866 ipsis.

158 1890 316 1966 Quantum
339 1901 441 1952 antem
464 1891 504 1951 ad
525 1891 599 1951 istos
619 1891 784 1970 prophetas
807 1891 883 1969 legis
905 1892 1028 1962 veteris,
1058 1899 1157 1970 patet,
1186 1892 1267 1972 quod

82 2013 134 2052 nou
148 2005 217 2054 suut
231 1994 420 2055 confederati
442 1993 629 2054 adinvicem
651 2014 720 2054 cum
742 1995 807 2055 istis
828 1994 946 2055 ficticiis
972 2014 1093 2053 suorum
1117 1995 1265 2067 ordinum,

82 2096 152 2158 sicut
180 2105 263 2157 secte
292 2097 349 2158 iste
380 2105 452 2158 sunt
480 2096 570 2157 hodie
601 2097 745 2175 obligate.
789 2097 870 2158 Nam
897 2106 932 2157 ut
952 2105 1039 2175 patet
1059 2095 1108 2156 IV
1129 2096 1206 2175 Reg.
1231 2101 1267 2156 2⁶

52 2198 158 2259 millias
187 2209 276 2278 pater
306 2200 424 2260 monuit
445 2199 582 2260 Eliseum
604 2201 703 2279 ipsum
727 2201 892 2274 dimittere,
915 2200 1038 2260 Eliseus
1060 2209 1171 2272 autem,
1205 2221 1266 2261 cre-

82 2302 147 2363 dens
168 2323 233 2364 esse
256 2303 294 2364 de
321 2302 481 2363 voluntate
505 2303 633 2376 domini,
666 2303 746 2383 quod
777 2304 876 2381 ipsum
903 2312 1080 2382 sequeretur
1109 2323 1204 2382 usque
1226 2303 1266 2362 ad

82 2415 200 2483 raptum,
232 2426 295 2466 uon
317 2405 469 2466 consensit
491 2404 561 2465 Elie
583 2406 718 2478 monitis,
750 2407 872 2485 quando
895 2399 1005 2466 dixit‘l:
1033 2405 1105 2465 sede
1126 2405 1189 2478 hic;
1213 2406 1267 2466 scd

82 2509 237 2568 secundum
267 2508 351 2586 piam
382 2507 591 2569 obedienciam
613 2508 688 2568 fecit
713 2509 897 2569 contrarium
925 2507 983 2581 illi,
1016 2508 1097 2587 quod
1123 2509 1267 2586 magister

82 2630 144 2670 suus
164 2620 353 2690 preceperat,
376 2631 412 2672 ac
435 2612 460 2672 si
482 2611 662 2684 intenderet,
687 2612 768 2691 qnod
789 2612 841 2690 pia
860 2612 1000 2672 resistiva
1019 2609 1197 2671 obediencia
1212 2621 1266 2685 est,

49 2711 171 2774 sefacere
195 2714 366 2792 oppositum
389 2714 480 2786 illius,
505 2714 586 2795 quod
608 2714 734 2773 mandat
756 2714 904 2792 superior,
929 2713 1001 2774 dum
1022 2734 1083 2773 non
1104 2713 1267 2774 fundatum

80 2815 161 2877 suerit
181 2817 314 2878 racione.
358 2816 445 2877 Elias
467 2826 578 2890 autem,
610 2815 717 2877 volens
743 2836 798 2895 per
825 2824 947 2896 quater⁶
977 2816 1017 2877 ab
1038 2817 1096 2876 isto
1119 2817 1267 2896 discipulo

80 2919 213 2996 separari,
236 2919 359 2979 videtur
372 2919 508 2991 innuere,
532 2921 613 3000 quod
633 2919 729 2980 solum
746 2919 877 2980 Cristum
901 2919 1041 2998 discipuli
1064 2919 1177 2980 debent
1199 2939 1268 2981 con·

81 3023 155 3102 sequi
176 3031 212 3082 ut
233 3031 405 3102 patronum.

154 3126 197 3186 Et
227 3125 308 3186 idem
340 3126 462 3186 videtur
492 3127 531 3186 de
553 3125 694 3204 Baptista
725 3133 756 3186 et
785 3126 922 3204 patronis
953 3125 1021 3186 aliis
1048 3124 1126 3204 legis
1154 3127 1265 3204 gracie.

52 3227 156 3289 ronam
177 3229 319 3308 Baptista
340 3228 492 3290 laboravit
506 3229 635 3290 sollicite
657 3230 697 3290 ad
720 3229 977 3308 magnificandum
993 3227 1126 3289 Cristum
1149 3239 1180 3288 et
1199 3248 1268 3307 par-

82 3331 297 3408 vipendendum
312 3331 458 3410 seipsum
474 3332 535 3391 suis
555 3331 720 3411 discipulis,
744 3343 779 3392 ut
792 3341 878 3410 patet
890 3330 1002 3391 Matth.
1022 3326 1083 3389 lls
1096 3339 1127 3392 et
1140 3330 1206 3391 loh.
1224 3338 1268 3402 1,⁹

102 3435 149 3494 sed
169 3444 250 3496 secte
271 3435 329 3494 iste
351 3453 412 3492 nou
435 3442 559 3494 servant
579 3433 659 3496 hauc
682 3436 860 3508 doctrinam,
885 3455 954 3495 cum
977 3434 1174 3511 magnificant
1196 3455 1266 3495 suas
1297 3451 1437 3502 sassones

83 3535 191 3612 regulas
213 3556 305 3614 super
327 3534 469 3595 Cristum.
515 3535 558 3595 Et
579 3536 621 3596 sic
645 3557 714 3597 cum
737 3547 820 3597 secta
842 3537 985 3597 cristiana
1006 3535 1143 3597 manebit
1161 3557 1266 3615 perps-

83 3645 137 3709 tue,
158 3649 186 3699 ot
199 3657 323 3700 necesse
338 3647 392 3711 est,
411 3639 486 3699 istas
503 3648 602 3699 sectas
616 3639 802 3716 periculosas
817 3639 954 3711 deficere,
978 3639 1180 3699 videturesse
1202 3659 1267 3718 pre-

49 3742 256 3818 aesumptivum
278 3749 438 3820 peccatum
460 3742 542 3819 ipsas
563 3741 756 3801 introducere
779 3742 843 3801 sine
865 3742 1047 3802 auctoritate
1068 3741 1182 3802 domiui
1197 3740 1267 3801 Iesu

84 3837 173 3903 Cristi.

283 4031 358 4080 CAP.
377 4031 400 4080 I.
435 4034 448 4057 ⁶
469 4031 519 4079 Pla
538 4031 690 4087 Camelilea
711 4047 749 4094 cp.
771 4029 867 4079 Trial.
886 4036 949 4088 436ς
968 4035 1018 4082 369
1080 4025 1090 4056 δ
1110 4047 1147 4094 cp.
1169 4029 1266 4078 Trial.

240 4117 346 4182 ³61ff.;
364 4121 428 4176 4363
451 4117 505 4165 cleo
524 4117 617 4182 staff.
704 4117 821 4182 ‘assffi
908 4111 1120 4175 ‘az-tendo*
1201 4118 1266 4179 ‘qa

240 4203 372 4267 IIKs'nqs
388 4207 413 4260 9,
431 4205 460 4260 z·
478 4207 506 4259 4,·
525 4207 554 4260 6,·
574 4207 607 4254 10
671 4195 806 4267 sc.9ff.,·
826 4202 900 4268 llff.
969 4201 1104 4267 ''J-W·

146 4354 216 4406 011³.
235 4358 259 4407 I.
296 4353 304 4384 ¹
323 4357 402 4406 colori
412 4357 472 4405 Ma.
