3248 5138
117 567 175 613 cap.
199 546 235 614 ν]
418 549 473 597 nn
487 548 658 598 arenoso
676 546 1034 597 srrrsunnrssros.
1254 555 1319 612 373

114 723 277 784 licenciam
309 723 354 782 sui
384 723 524 783 introitus
555 732 646 804 atque
676 721 767 783 officii
798 729 830 782 et
860 722 1004 783 docerent
1033 722 1206 796 eeclesiam,
1239 725 1320 804 quod

116 825 245 898 Cristae,
268 828 345 904 (qui)
367 825 452 886 dedit
473 821 602 886 semet¹¹
624 827 723 907 ipsum
746 825 803 886 rub
817 826 915 886 forma
937 825 1025 906 panis
1046 825 1079 885 in
1101 825 1200 887 hostia
1218 846 1319 888 conse·

117 938 214 1002 crata,
247 929 350 990 taliter
371 929 565 990 mendicavit.
609 928 652 988 Et
681 929 724 989 sic
755 928 886 989 finaliter
916 937 982 990 tota
1011 928 1081 990 talis
1106 930 1266 990 innovacio
1288 931 1321 990 in

117 1031 213 1094 Cristi
228 1032 358 1094 ecclesia
379 1053 434 1113 per
448 1031 612 1112 discipulos
627 1031 775 1093 anticristi
797 1032 835 1093 de
849 1032 1060 1093 cristianorum
1074 1031 1209 1094 stulticia
1229 1042 1320 1114 atque

93 1136 239 1198 edesidia
258 1136 392 1198 inolevit.
436 1135 511 1196 Ideo
533 1156 594 1196 non
615 1134 751 1207 dubium,
775 1135 847 1216 quin
874 1155 912 1198 ex
935 1143 1061 1215 peccato
1082 1135 1135 1196 illo
1157 1136 1322 1216 punientur

117 1239 254 1300 finaliter
274 1239 306 1298 in
328 1239 386 1300 hoo
408 1237 510 1300 seculo
533 1239 584 1300 vel
605 1238 717 1300 futuro.

205 1342 373 1403 Exaarinet
402 1362 475 1421 ergo
505 1341 602 1402 fidelis
633 1342 857 1422 responsionem
885 1341 1089 1421 sophisticam,
1122 1361 1213 1423 quam
1245 1342 1320 1402 anti·

118 1445 202 1506 cristi
226 1445 368 1526 discipuli
389 1445 590 1525 sophisticant
611 1454 718 1506 contra
739 1445 880 1518 Gricium,
913 1455 944 1507 et
974 1444 1091 1506 videbit
1116 1465 1185 1505 cum
1208 1443 1320 1506 delibe-

118 1548 243 1609 racione
270 1548 444 1628 prudencie,
476 1549 558 1629 quod
585 1569 645 1608 non
668 1558 714 1609 est
734 1549 792 1610 nisi
814 1549 968 1627 sophisma
990 1547 1114 1628 dyaboli
1136 1549 1320 1610 contrarium

80 1651 253 1724 resedisti,
278 1659 313 1712 ut
334 1651 466 1730 religiosi
486 1652 699 1731 possessionati
722 1660 752 1713 et
773 1653 945 1713 sacerdotes
964 1652 1059 1713 dotati
1073 1652 1193 1730 fingunt
1206 1645 1322 1712 nuno¹²

119 1775 181 1815 non
215 1755 340 1828 noviter,
373 1755 455 1834 quod
485 1755 587 1815 omnia
616 1755 672 1816 illa
700 1754 816 1816 habent
845 1776 885 1817 ex
907 1749 1108 1817 donacionem
1137 1754 1321 1816 secularium

119 1857 245 1919 cottidie
267 1858 436 1919 innovata.⁶

209 1959 273 2022 Sed
296 1969 439 2041 queretur
461 1961 501 2022 ab
523 1962 592 2034 illis,
616 1963 641 2024 si
663 1961 778 2023 habent
799 1963 838 2022 ad
860 1961 982 2022 illorum
1009 1962 1207 2023 donacionem
1230 1962 1321 2023 licen-

120 2065 201 2128 ciam
225 2065 339 2126 domini
362 2063 511 2143 capitalis,
544 2067 615 2144 quia
637 2075 672 2125 ut
693 2065 783 2126 fldem
805 2067 951 2145 capimus,
980 2065 1061 2145 quod
1083 2084 1144 2125 non
1165 2065 1250 2126 valet
1269 2064 1320 2126 do·

79 2184 109 2228 15
123 2168 223 2239 nacio,
247 2167 303 2228 nisi
325 2167 447 2228 fundari
470 2167 582 2247 poterit
601 2168 731 2230 licencia
745 2177 776 2229 et
797 2169 854 2228 nisi
869 2168 923 2228 liat
936 2188 991 2247 per
1006 2165 1106 2241 deum,
1130 2169 1180 2249 qui
1203 2177 1249 2229 est
1270 2168 1321 2228 do·

119 2272 220 2331 minus
243 2269 392 2349 capitalis.

334 2465 344 2484 ⁶
352 2460 503 2524 Areproaeh
510 2475 567 2522 orry
576 2459 714 2523 frequently
723 2460 794 2507 made
803 2459 875 2523 hyn<
886 2464 911 2508 to
919 2461 959 2508 rho
967 2461 1021 2508 rich
1029 2459 1120 2524 clerpyr
1130 2461 1186 2508 with
1196 2461 1320 2522 reference

292 2549 317 2593 to
326 2546 365 2593 the
370 2546 504 2608 precediap
513 2545 620 2600 renrarh,
629 2561 667 2608 ep.
677 2562 695 2593 a
700 2559 815 2608 passage,
822 2545 900 2593 which
909 2546 930 2593 ie
939 2547 1126 2594 characteristic
1134 2545 1176 2609 sor
1184 2548 1224 2595 the
1232 2548 1318 2610 doirpr

292 2631 325 2693 of
338 2632 377 2679 the
394 2633 447 2679 rich
465 2632 694 2695 clerpy,rl1ahthero,
709 2649 736 2695 p.
746 2635 793 2680 62.-
812 2631 866 2678 But
882 2630 947 2684 lord,
964 2632 1016 2678 roho
1034 2632 1056 2679 is
1073 2647 1139 2679 raros
1156 2649 1182 2680 so
1195 2634 1318 2681 condiaris

292 2717 396 2765 adesum
416 2717 521 2781 worldlp
543 2717 692 2780 lordochipis
713 2718 764 2764 aad
782 2716 904 2779 temporat
917 2717 1006 2778 prodis
1023 2733 1052 2765 aa
1069 2732 1129 2765 aare
1141 2717 1258 2781 prela&
1275 2719 1318 2783 sor

291 2804 403 2867 eomahly
419 2803 471 2852 alle
486 2805 543 2850 here
560 2804 699 2863 visitacioa,
722 2802 774 2850 alie
790 2803 847 2849 here
863 2803 1025 2851 rar-romena}
1040 2803 1092 2851 arrd
1108 2802 1213 2868 hlissyrrp
1231 2806 1253 2852 is
1269 2806 1319 2852 dors

291 2891 334 2952 fer
351 2890 464 2938 ‹roaaise
481 2889 532 2936 aad
547 2889 652 2953 worldly
660 2889 735 2952 pride
746 2889 797 2936 aad
808 2889 917 2952 dipeyte;
936 2887 988 2934 alle
998 2889 1056 2935 here
1063 2905 1139 2952 prece
1149 2889 1256 2952 spehyap
1268 2891 1319 2938 aad

289 2977 412 3039 prechyrsq
430 2977 481 3022 arrd
498 2976 597 3039 teohyrsp
616 2976 641 3023 irs
657 2975 731 3024 scolis
748 2976 770 3023 is
787 2976 830 3038 sor
847 2974 962 3022 eoadtise
973 2973 1024 3022 arrd
1034 2975 1211 3038 mapayfyyepe
1222 2975 1318 3037 ofhere

293 3061 396 3125 worldly
412 3065 492 3109 staret:
511 3063 562 3109 who
581 3063 602 3110 ie
619 3077 686 3109 more
702 3061 754 3108 idel
770 3061 895 3124 inpeditis
905 3075 1012 3123 sempor,
1029 3075 1096 3108 more
1107 3061 1133 3108 irs
1141 3059 1256 3124 plotonye
1268 3061 1318 3108 arrd

292 3153 412 3212 roartprrpe
429 3149 461 3210 of
471 3163 534 3210 pore
550 3163 648 3195 marra
661 3148 750 3209 prodis
768 3148 793 3195 ia
809 3147 945 3210 sohprspnpe
960 3145 1058 3194 oemelr'e
1074 3147 1219 3194 aedelhem
1230 3147 1318 3194 casta?

293 3235 343 3280 aad
359 3230 447 3298 3ifllei
455 3249 554 3296 propert,
568 3229 618 3298 ,har
635 3235 657 3280 is
673 3229 794 3298 wipoaten
811 3234 929 3280 &aceias
946 3237 971 3280 to
986 3231 1055 3295 plere
1068 3227 1103 3296 be
1117 3233 1198 3296 pepla,
1216 3233 1267 3280 aad
1278 3248 1317 3280 eo-

292 3319 374 3383 marry
382 3321 425 3383 t'or
436 3318 556 3384 offryhpe,
567 3319 618 3366 arrd
629 3319 739 3366 cotidiae
750 3319 918 3380 distribution,
931 3319 981 3366 arrd
991 3318 1111 3382 styralrpnp
1124 3319 1199 3381 lifol*
1207 3318 1318 3374 lecherie,
1334 3329 1339 3340 '

292 3406 408 3461 rodheria
422 3406 504 3468 pride,
515 3406 637 3465 amariae,
650 3405 777 3468 ylotahpe,
795 3409 839 3453 etc.
870 3404 944 3452 there
955 3405 1093 3460 donatam,
1110 3405 1149 3452 ae
1160 3404 1243 3468 crepy
1253 3405 1318 3460 said,

294 3508 355 3540 rcere
380 3491 436 3539 orale
462 3491 575 3546 morderi,-
602 3491 631 3554 hp
654 3507 760 3554 propera
785 3491 829 3553 far
850 3491 891 3538 the
911 3490 974 3554 laitp
992 3493 1059 3538 there
1075 3507 1126 3538 was
1143 3491 1261 3552 acquired
1278 3491 1318 3538 tha

291 3579 444 3642 „dispo-titio,
462 3594 525 3639 quae
537 3577 665 3625 Caeouicis
682 3578 714 3642 fit
724 3577 856 3638 quotidie“.
884 3577 917 3624 Ia
928 3593 960 3624 arr
971 3576 1104 3624 ordinasse
1115 3577 1158 3639 s'or
1169 3577 1209 3624 ihs
1221 3577 1318 3624 Charoh

292 3665 325 3728 af
333 3665 370 3712 St.
383 3665 451 3711 John
468 3668 496 3711 at
509 3664 589 3711 Gherrt
606 3664 645 3711 the
656 3678 764 3725 paaeape
775 3678 872 3710 occare:
896 3662 1048 3711 Vae-errari
1058 3663 1089 3710 de
1100 3662 1318 3718 distributionibus,

293 3767 396 3814 corpore
411 3750 577 3814 praehendas,
596 3749 701 3810 aliaque
715 3750 900 3812 praerogativis
914 3749 1091 3812 praenarratis
1108 3764 1155 3796 aar
1169 3749 1318 3811 pandebant,

291 3838 335 3884 sed
352 3837 452 3884 illoram
467 3836 552 3898 portae
570 3835 775 3883 assumserit
795 3836 972 3896 Quotidianae,
996 3836 1012 3884 i.
1030 3853 1050 3882 e.
1068 3851 1122 3882 eam
1139 3834 1249 3883 dantes
1264 3835 1317 3897 fas-

293 3924 350 3982 rr'at,
365 3922 428 3970 nihil
441 3922 580 3985 preripient
592 3937 682 3977 eoram,
699 3937 762 3984 quae
777 3927 919 3984 praesenter
935 3921 1088 3984 reeephmr,
1105 3921 1149 3968 sed
1160 3921 1187 3968 id
1204 3921 1238 3968 ad
1253 3922 1316 3982 Qas-

293 4009 414 4056 tidiaaam
426 4006 522 4062 redibit,
539 4023 580 4054 sea
598 4008 704 4062 adeam,
716 4024 779 4070 qaae
796 4009 905 4070 quotidie
916 4010 948 4075 fit
960 4007 1097 4062 Oaroeicr'a,
1111 4007 1317 4062 diatribaciorrem,

294 4111 331 4156 rp.
350 4094 393 4141 Du
412 4095 493 4156 Carpe
509 4109 528 4145 s.
547 4110 568 4142 a.
586 4093 677 4156 dispas.

192 4247 362 4299 “semotae
400 4246 456 4317 seii
525 4243 682 4316 “aunulfi
724 4247 1317 4313 om.0,hataddedhytheteerhosaismor.

126 4331 146 4362 ¹⁸
162 4335 306 4385 donacione
316 4336 357 4383 CJ
389 4333 526 4384 dotacione
535 4336 552 4394 (
553 4337 563 4381 t
563 4332 608 4402 Μ
