3248 5138
85 579 143 625 sap.
168 557 206 626 r]
378 557 659 608 runcsronrun
677 556 822 606 sacras
839 557 997 606 onnrsrr.
1226 564 1287 622 305

85 735 124 794 sit
148 733 269 794 beatus.
313 731 376 792 Iste
398 740 500 792 autem
522 739 604 791 secte
625 749 687 790 nen
708 729 824 790 babent
841 730 1052 790 auctoritatem
1075 731 1125 792 vel
1148 729 1288 810 probabi·

85 837 209 896 litatem
231 834 302 895 talis
324 834 432 906 meriti,
455 833 509 894 sed
531 853 570 893 ex
586 832 652 904 hoc,
677 833 757 912 quod
771 831 932 912 implicant
952 853 985 893 se
1007 834 1110 894 multis
1126 833 1287 905 erroribus,

86 937 291 1018 probabiliter
313 946 384 996 sunt
405 935 614 1014 dampnanda
647 934 796 1014 quiahoc
819 956 880 995 non
903 935 978 995 dicit
1004 936 1157 1009 dominus,
1189 948 1225 996 ut
1245 945 1289 997 ta·

85 1043 159 1102 liter
181 1040 343 1102 ecclesium
365 1059 451 1100 suam
474 1037 628 1109 edificent,
657 1057 726 1097 cum
749 1037 789 1097 ad
811 1058 887 1098 onus
909 1039 973 1099 eius
996 1039 1060 1099 sine
1082 1059 1138 1101 sua
1161 1038 1289 1100 licencia

65 1154 161 1206 esunt
183 1144 270 1224 quasi
292 1142 483 1202 hillaratores
515 1139 636 1201 subdoli
662 1140 841 1213 introducti,
874 1149 905 1201 et
933 1142 972 1202 ad
1000 1142 1081 1203 istud
1104 1142 1287 1213 deserviunt,

87 1247 171 1327 quod
187 1245 319 1306 adunus
335 1244 461 1306 ecclesie
477 1243 683 1304 consumendo
699 1243 763 1303 eius
783 1241 898 1303 cibaria
920 1253 983 1304 tam
1005 1244 1175 1323 spiritualia
1197 1265 1289 1325 quam

87 1349 262 1428 corporalia
293 1349 357 1408 sine
380 1346 472 1408 Cristi
501 1347 631 1407 licencia
657 1347 688 1407 in
715 1366 770 1406 sua
793 1346 922 1408 ecclesia
950 1347 1096 1408 ociantur.
1143 1346 1176 1408 Si
1197 1348 1289 1426 igitur

88 1453 207 1533 aliquid
234 1451 307 1512 boni
334 1451 465 1522 faciunt,
497 1450 556 1510 boc
584 1459 644 1521 est,
676 1449 716 1508 de
743 1457 857 1530 quanto
887 1449 1048 1528 perficiunt
1078 1449 1287 1522 ministerium,

88 1557 171 1636 quod
195 1553 313 1615 Cristus
335 1553 549 1624 mandaverat;
574 1553 628 1613 sed
650 1573 720 1612 cum
743 1571 815 1630 sepe
837 1553 1036 1612 commiscent
1057 1551 1141 1613 aliud
1157 1553 1289 1613 ministe-

54 1673 80 1716 ru
88 1660 168 1718 rium
191 1657 353 1736 dyabolica
375 1656 588 1728 adinventum,
621 1662 719 1734 patet,
752 1653 833 1734 quod
862 1655 964 1715 deficit
993 1657 1139 1716 securitas
1169 1656 1201 1715 in
1232 1655 1289 1715 hiis

88 1762 189 1822 sectis.
234 1759 273 1820 In
295 1759 380 1820 cuius
403 1759 523 1837 signum
545 1778 626 1836 papa
653 1758 806 1830 vendicat,
830 1777 943 1818 ecesse
965 1758 1073 1818 harum
1095 1753 1289 1836 [sectarum]¹

88 1873 253 1942 patronum
285 1871 317 1922 et
346 1860 468 1940 regulas
500 1881 606 1922 earum
635 1861 792 1921 instituere
823 1869 854 1920 et
884 1861 1077 1938 postmodum
1104 1881 1160 1940 pro
1187 1862 1289 1940 precio

89 1965 271 2026 confirmare
303 1973 333 2025 et
355 1983 427 2043 sepe
454 1965 594 2023 inventos
621 1963 758 2024 defectus
788 1963 946 2041 corrigere.
993 1964 1055 2025 Sed
1076 1964 1133 2024 istc
1155 1964 1289 2042 religios-

89 2068 204 2128 archa⁹
225 2068 257 2128 in
278 2076 342 2128 vta
365 2077 396 2128 et
417 2087 507 2146 opere
530 2086 585 2127 suo
608 2066 752 2138 ostendit,
777 2066 859 2145 quod
881 2075 927 2126 est
948 2067 1137 2128 mendaciter
1157 2076 1187 2127 et
1209 2068 1289 2146 capi·

55 2187 80 2232 15
89 2171 194 2232 taliter
216 2170 384 2231 conuarius
405 2169 476 2230 Iesu
499 2163 626 2229 Cristol.

616 2375 702 2434 CAP.
733 2376 765 2434 V.

176 2529 227 2590 Ex
250 2529 315 2590 istis
337 2537 423 2608 patet
446 2527 580 2588 stulticia
603 2548 721 2600 eorum,
749 2527 800 2608 qui
822 2529 984 2606 acceptant
1005 2527 1060 2587 hos
1083 2548 1192 2605 graves
1212 2530 1289 2590 ordi·

91 2653 143 2694 nes
167 2643 199 2694 et
220 2633 365 2693 deserunt
386 2629 559 2691 libertatem
583 2630 696 2690 ordinis
717 2629 789 2690 Iesu
804 2627 903 2701 Cristi,
927 2650 997 2689 cum
1020 2649 1109 2690 omne
1131 2650 1207 2709 opus
1229 2652 1290 2692 me·

91 2737 228 2796 ritorium
258 2735 361 2795 facere
391 2741 516 2813 possent
546 2731 670 2793 liberius
700 2734 732 2793 in
759 2740 843 2792 secta
870 2732 983 2792 domini
1005 2731 1076 2792 Iesu
1100 2731 1191 2793 Cristi
1218 2744 1289 2794 eta

92 2838 195 2898 multis
216 2836 440 2915 impedimentis
462 2834 645 2908 liberantur,
669 2845 703 2895 ut
724 2843 875 2895 noverunt
898 2835 1015 2913 experti
1043 2855 1082 2895 ex
1103 2835 1176 2909 hoc,
1208 2837 1289 2916 quod

55 2956 84 3002 ru
93 2941 131 3000 ab
151 2941 218 3002 istis
241 2938 397 3000 ordinibus
419 2946 490 2998 sunt
512 2938 605 2998 exuti.

176 3041 256 3103 Cum
279 3061 361 3120 ergo,
384 3049 652 3122 quantumcunque
675 3041 835 3101 diuturnus
850 3039 942 3100 fuerit
961 3039 1050 3100 labor
1070 3041 1102 3100 in
1125 3042 1189 3102 istis
1212 3043 1289 3102 ordi·

93 3144 179 3206 nibus
202 3155 233 3206 et
254 3143 388 3224 penalis,
418 3143 521 3203 anima
542 3143 625 3204 illius
646 3143 778 3221 religiosi
800 3151 901 3221 potest
923 3143 1083 3222 dampnari
1105 3144 1137 3203 in
1159 3144 1287 3216 inferno,

93 3257 254 3328 antequam
278 3267 387 3325 corpus
409 3246 473 3306 eius
496 3245 588 3306 fuerit
608 3245 813 3323 frigefactum,
837 3255 868 3304 et
890 3255 973 3305 secta
996 3243 1088 3305 Cristi
1112 3255 1158 3306 est
1179 3248 1288 3307 securi-

93 3352 161 3410 tatis
184 3349 343 3422 contrarie,
368 3349 465 3409 fidelis
489 3357 577 3408 extra
599 3348 741 3428 laqueum
757 3349 866 3408 harum
884 3357 1035 3408 sectarum
1051 3356 1152 3425 potest
1173 3348 1287 3409 dicere:

56 3467 85 3513 :³5
95 3451 218 3534 laqueus
241 3453 388 3512 contritus
416 3459 462 3512 est
490 3460 520 3511 et
547 3470 602 3510 nos
623 3450 744 3511 liberati
765 3471 878 3510 sumus.
924 3449 1108 3510 Benedictus
1139 3451 1288 3524 donunus,

95 3555 144 3634 qui
164 3574 225 3615 non
248 3554 334 3615 dedit
355 3575 409 3615 nes
430 3555 463 3614 in
485 3552 662 3631 capcionem
686 3553 827 3612 dentibus
847 3559 979 3613 eorum“.
1018 3551 1166 3627 Quamuis
1187 3563 1288 3615 autem

95 3657 231 3717 mordent
245 3657 412 3717 mendaciis
428 3657 586 3716 cristianos
606 3655 800 3728 extrinsecae,
826 3677 895 3716 curn
915 3676 975 3716 non
994 3655 1076 3734 ipsos
1098 3656 1290 3717 incarcerant

96 3758 143 3818 vel
164 3761 348 3820 necessitent
370 3759 410 3820 ad
432 3759 531 3836 legem
555 3757 669 3818 domini
691 3758 905 3831 deserendum,
938 3758 992 3818 sed
1014 3766 1141 3837 possunt
1167 3759 1289 3838 planius

96 3863 204 3922 servire
226 3862 394 3922 secundum
417 3862 517 3939 legem
540 3861 663 3933 domini,
687 3880 743 3920 sua
765 3861 869 3938 gracia
891 3871 1078 3940 protegente.

305 4019 315 4049 ⁰
333 4017 350 4063 i.
368 4031 388 4062 e.
407 4015 446 4064 tlte
463 4015 532 4077 Pope
584 4009 596 4040 '¹
614 4015 662 4062 this
679 4014 701 4062 is
715 4014 809 4077 proved
826 4030 893 4062 more
910 4013 1052 4078 accurately
1070 4014 1100 4077 by
1117 4015 1154 4063 W.
1172 4015 1247 4063 debito
1264 4017 1289 4063 iu

263 4100 307 4149 De
325 4101 448 4149 Christo
466 4103 496 4148 et
512 4115 565 4147 suo
584 4099 658 4147 Ado.
677 4100 882 4148 Antichristo.

305 4187 381 4234 OAP.
404 4184 434 4233 V.
468 4188 480 4211 ⁶
497 4202 535 4247 cp.
553 4185 595 4232 Pr.
615 4187 671 4240 124,
688 4189 756 4234 6-7

165 4323 237 4372 ΟΑΡ.
277 4322 306 4372 V.
343 4320 352 4350 ¹
369 4323 449 4371 sicin
465 4320 525 4369 MS.

151 4421 220 4472 Victis
230 4422 346 4464 mancat
363 4421 442 4464 worn.
