3248 5138
57 599 101 644 cop.
121 577 174 646 [Γ]
329 581 610 630 ΡΠΒΘΑΤΟΕΙΠΜ
627 583 773 630 SEGTAE
789 582 948 631 CHRISTI.
1174 587 1235 644 303

57 767 167 814 orantur
189 754 246 814 nisi
267 753 429 831 ypocrisim
452 763 483 813 ct
504 764 673 833 peccatum.
719 755 861 817 stulticia
884 755 1005 834 quidem
1028 763 1075 814 θεῖ
1094 755 1127 814 in
1149 755 1237 815 affec·

56 859 136 918 tando
158 856 331 917 huiusmodi
352 857 528 935 prioratum,
552 859 632 938 quia,
656 879 725 919 cum
745 859 884 918 nesciunt
898 857 1078 934 dignitatem
1100 857 1146 916 sui
1168 855 1237 917 sub·

57 961 100 1020 diti
129 959 229 1040 quoad
260 959 360 1032 deum,
393 960 575 1021 eleccionem
606 961 761 1039 accipiunt
787 970 893 1021 contra
923 959 1060 1020 divinum
1091 960 1235 1020 iudicium

57 1074 166 1141 propter
186 1083 299 1124 vanam
320 1063 447 1141 gloriam
471 1063 571 1143 quoad
598 1064 755 1124 mundum.
801 1062 879 1124 Cum
909 1063 988 1123 enim
1016 1070 1135 1122 tantum
1163 1061 1237 1122 obli·

38 1175 155 1239 tuantur
175 1165 214 1226 de
235 1165 304 1244 lege
326 1166 375 1226 dei
400 1166 529 1227 subditis
556 1168 620 1227 istis
650 1167 808 1245 prolicere,
841 1175 987 1246 quantum
1004 1173 1015 1235 11
1032 1174 1171 1243 possunt,
1205 1173 1235 1224 et
1247 1175 1311 1226 11Δώ
1320 1175 1408 1226 ἰοί-ὅθ’*

56 1269 164 1328 racione
184 1269 271 1330 istius
293 1269 443 1348 prioratus
471 1269 601 1348 amplius
628 1270 817 1348 obligantur,
841 1269 973 1342 videtur,
1003 1269 1082 1348 quod
1105 1269 1136 1326 in
1159 1269 1236 1328 acci·

56 1372 152 1448 piendo
173 1371 254 1432 hunc
277 1371 442 1450 prioratum
466 1373 641 1450 obligantur
662 1373 771 1434 stolide
793 1393 884 1450 super
898 1373 986 1432 vires.
1025 1370 1142 1432 Stolide
1157 1371 1234 1443 dico,

57 1475 114 1551 quia
135 1495 188 1553 per
209 1475 267 1536 hoc
289 1475 454 1535 incitantur
475 1477 515 1537 ad
538 1477 755 1555 capessendam
776 1477 898 1536 inanem
914 1473 1051 1552 gloriam.
1096 1473 1139 1534 Et
1167 1494 1235 1534 cum

56 1577 102 1636 hoc
122 1587 191 1638 sunt
213 1577 357 1656 ambigui,
381 1579 406 1637 si
426 1576 517 1639 Cristi
538 1580 650 1640 iudicio
673 1589 703 1640 et
725 1600 779 1639 suo
801 1577 993 1657 beneplacito
1016 1577 1076 1636 sint
1096 1577 1234 1637 rebelles.

28 1687 49 1729 1¹}
57 1679 127 1740 Deus
148 1681 227 1740 enim
250 1680 417 1742 secundum
440 1701 526 1741 suum
549 1680 774 1760 beneplacitum
797 1702 912 1742 summe
938 1678 1124 1740 racionabile
1146 1679 1236 1738 libra·

57 1784 91 1842 u't
109 1784 229 1844 modum
252 1793 283 1844 θῖ
304 1785 449 1856 ordinem,
473 1806 532 1866 quo
554 1786 652 1846 voluit
673 1806 692 1845 a
714 1805 895 1866 quacunque
916 1803 1046 1863 persona
1060 1783 1092 1842 in
1108 1783 1236 1842 ecclesia

56 1905 99 1945 sua
127 1887 279 1947 deserviri.
333 1886 410 1947 Cum
442 1898 543 1948 autem
575 1889 631 1948 hoc
664 1889 702 1948 sit
737 1899 885 1948 secrettun
921 1887 977 1946 deo
1013 1885 1234 1957 absconditum,

55 1999 127 2064 patet
144 1991 352 2068 presumptive
374 1989 516 2068 superbia
535 1991 659 2052 istorum
676 1992 870 2071 prelatorum,
894 1989 946 2068 qui
961 1988 1134 2066 astringunt
1154 1989 1234 2060 illae,

55 2113 116 2168 (suos
136 2094 275 2153 nesciunt
296 2092 336 2152 ad
359 2093 487 2154 eandem
510 2093 672 2172 specialem
695 2095 832 2172 regulam
856 2091 1105 2153 conservandum.
1151 2090 1234 2151 Illud

28 2195 129 2267 linum,
153 2197 234 2275 quod
257 2205 303 2256 est
323 2196 398 2256 utile
421 2197 473 2256 uni
495 2217 632 2276 persone,
656 2208 701 2257 θεῖ
723 2198 864 2257 nocivum
887 2194 1007 2256 alteria.

127 2298 202 2374 Quis
228 2299 323 2378 igitur
348 2299 423 2360 deus
454 2308 501 2359 θεῖ
525 2300 591 2372 ille,
623 2300 674 2380 qui
706 2298 758 2360 wlt
789 2300 974 2360 confundere
1006 2306 1071 2358 tam
1098 2298 1235 2375 dispares

56 2411 164 2462 naturas
186 2401 341 2462 hominum
363 2403 392 2461 in
418 2423 509 2462 unam
534 2424 645 2463 vanam
672 2403 808 2480 regulam
835 2401 1049 2462 adinventam?
1085 2399 1128 2460 Et
1149 2409 1236 2478 patet

56 2503 171 2564 stulticia
187 2504 336 2583 capitalis,
361 2527 428 2566 cum
445 2515 547 2584 posset
561 2505 694 2578 liberius,
718 2506 851 2566 securius
866 2514 897 2565 et
911 2504 1064 2564 efficacius
1085 2503 1234 2563 instruere

55 2605 114 2666 istas
133 2627 214 2680 oves,
238 2608 311 2668 dum
333 2607 413 2668 hanc
436 2617 549 2668 sectam
573 2618 604 2668 et
625 2608 762 2686 regulam
792 2609 881 2667 istam
909 2607 1074 2667 dimitteret
1102 2615 1132 2666 et
1159 2615 1235 2665 tam-

27 2709 130 2786 {liquam
159 2711 282 2771 adiutor
312 2711 361 2771 dci
391 2712 423 2770 in
450 2720 534 2771 secta
564 2731 619 2770 sua
645 2731 721 2790 pure
751 2710 918 2770 secundum
945 2709 1044 2786 legem
1075 2730 1160 2770 suam
1191 2709 1235 2768 in·

56 2824 177 2874 strueret.

554 3023 641 3082 OAP.
665 3022 720 3081 IV.

127 3192 175 3253 Ex
196 3194 260 3255 istis
282 3202 367 3273 patet
389 3194 542 3255 conclusio
565 3194 665 3272 sepius
686 3192 849 3262 inculcata,
872 3190 989 3250 scilicet
1007 3189 1088 3268 quod
1105 3209 1235 3267 persona

56 3291 156 3356 intrans
177 3297 226 3357 vel
249 3296 416 3358 defendens
431 3298 502 3358 istos
518 3297 696 3357 adinventos
714 3295 834 3355 ordines
854 3303 899 3354 est
913 3303 947 3353 ut
962 3294 1004 3354 sic
1019 3292 1139 3364 stolida,
1164 3293 1235 3372 quia

26 3395 119 3457 atacis
131 3409 245 3477 partem
261 3409 367 3460 contra
386 3399 541 3461 dominum
556 3399 657 3460 Iesum
673 3397 815 3468 Cristum,
839 3397 919 3476 quia,
942 3396 967 3456 si
987 3394 1104 3456 Cristus
1127 3415 1234 3474 appro-

58 3496 130 3560 baret
151 3501 201 3563 hos
224 3501 357 3574 ordines,
382 3523 451 3563 cum
474 3513 545 3563 sunt
566 3512 629 3563 tam
652 3502 713 3562 alte
736 3509 850 3560 ettam
872 3499 1040 3560 necessarie
1063 3507 1165 3577 partes
1187 3519 1235 3558 ec·

57 3602 143 3676 desis,
165 3615 197 3666 ut
218 3605 295 3666 false
317 3605 465 3678 innuitur,
498 3606 578 3685 ipsos
605 3604 717 3665 alicubi
739 3603 771 3663 in
793 3603 943 3680 scriptura
964 3621 1052 3662 sacra
1073 3601 1236 3660 instrueret

58 3705 89 3763 ad
108 3707 328 3769 edificacionem
349 3708 477 3769 ecclesie
499 3709 541 3770 sio
563 3707 742 3778 vivendum;
766 3706 820 3766 sed
842 3727 911 3767 cum
934 3705 991 3765 hoc
1014 3705 1053 3764 sit
1075 3703 1235 3763 manifeste

57 3805 177 3884 l'alsum,⁰
197 3821 291 3891 patet,
311 3814 392 3892 quod
408 3811 524 3872 Cristus
545 3831 606 3871 non
622 3810 781 3889 approbat,
805 3809 858 3869 sed
873 3806 1016 3887 reprobat
1038 3807 1111 3867 istas
1126 3814 1233 3866 sectas.

28 3907 125 3971 ³¹1Nam
146 3933 198 3976 nee
220 3924 317 3976 status
339 3936 396 3975 nec
418 3935 546 3994 persona
568 3922 668 3993 potest
689 3911 759 3972 huic
782 3911 903 3971 domino
919 3931 984 3972 csse
1007 3917 1127 3980 neutra,
1152 3908 1232 3988 quia,

59 4012 123 4074 sicut
143 4019 190 4096 qui
211 4038 273 4078 non
294 4028 341 4078 est
363 4038 432 4078 cum
447 4019 512 4096 ipso
535 4025 641 4078 contra
662 4017 760 4094 ipsum
784 4023 837 4086 est,
861 4013 903 4073 sic
923 4023 1045 4084 statum,
1065 4032 1154 4092 quem
1170 4011 1235 4090 ipsc

253 4193 308 4236 'aa
320 4191 440 4238 aarertion
452 4204 508 4251 very
520 4188 588 4250 often
599 4188 670 4235 matie
681 4203 723 4234 nae
735 4187 767 4249 os
774 4185 803 4249 by
814 4185 859 4240 W„
871 4201 908 4247 cp.
917 4200 937 4232 e.
947 4200 972 4246 p.
984 4183 1066 4238 above,
1075 4200 1101 4245 p.
1112 4185 1161 4232 986
1175 4181 1192 4230 l.
1204 4186 1235 4231 16

253 4275 328 4323 CAP.
346 4277 364 4323 Ι
367 4275 396 4324 V.
448 4279 460 4302 ⁰
481 4274 530 4322 nte
554 4274 644 4338 salaity
670 4273 702 4336 of
723 4273 772 4320 tta
798 4271 918 4318 assotiat
942 4285 994 4317 rous
1016 4270 1111 4332 proved
1136 4268 1165 4332 ty
1199 4267 1235 4314 JV.

212 4363 236 4409 ia
254 4361 298 4410 De
315 4361 405 4408 Faad.
426 4361 502 4410 Sect.
521 4377 588 4408 more
605 4357 760 4422 accurately:
778 4373 816 4419 cp.
835 4355 916 4412 αὸοθε,
930 4371 957 4419 p.
977 4359 1008 4405 13
1021 4355 1051 4421 ff.
