3188 5148
523 553 813 604 IM'BODUCTION.
1178 569 1260 612 Lxlx

47 721 205 786 Quartus
222 723 310 778 liber
327 722 371 778 de
389 735 540 780 sermone
557 720 687 777 domini
704 720 741 777 tn
753 723 867 777 monte
878 721 1065 777 secundum
1072 717 1259 775 Mattheum

170 822 211 864 es
228 810 273 862 14.

118 897 231 947 Dictum
250 904 290 946 est
306 897 425 962 superius
441 897 511 962 quod
529 897 624 946 tercius
641 902 775 947 tractatus.
805 896 874 964 fisis.
893 894 938 944 sed
956 893 1082 944 disserere
1099 899 1222 960 potestus.

228 999 321 1061 (Coloe
338 1001 439 1061 occat.)

119 1103 186 1152 Duo
204 1109 265 1152 sunt
282 1117 381 1168 genere
398 1102 577 1153 hereticorum.
606 1104 676 1170 fisis.
694 1101 890 1153 observancism
909 1101 1038 1152 iaciendo.

47 1201 323 1259 Beoomendeoio
342 1201 588 1258 assumencium
605 1203 737 1270 medus.

120 1290 254 1340 Dominus
271 1291 405 1341 vobiscum
422 1291 493 1342 Ruth
510 1299 537 1342 et
555 1292 607 1354 (i).
638 1293 708 1360 fisis.
728 1307 787 1341 oum
805 1307 912 1356 corpore
930 1290 1122 1341 resumendum.

48 1389 99 1446 De
127 1390 278 1458 quedem
307 1390 483 1458 questione
508 1406 571 1459 pro
594 1391 759 1448 thesauris
778 1389 964 1446 retinendis
981 1390 1018 1446 in
1035 1401 1140 1455 regno
1158 1401 1261 1454 quere

176 1476 214 1532 in
230 1477 261 1531 h.
277 1475 392 1533 formet

121 1565 241 1614 Dubium
261 1571 301 1616 est
318 1571 405 1616 utrum
425 1582 536 1633 regnum
554 1567 657 1632 Anglie.
687 1568 756 1636 finis.
774 1567 830 1632 regi
848 1565 964 1631 inpediet
981 1565 1008 1613 in

912 1651 1037 1702 futurum.

51 1747 102 1804 De
128 1749 348 1890 responsione
374 1751 549 1808 cniusdam
573 1751 720 1808 doctoris
742 1765 845 1819 quere
866 1750 903 1808 in
926 1765 955 1819 g.
972 1765 996 1807 s
1017 1751 1139 1820 plenus
1156 1747 1261 1806 domi·

176 1849 239 1892 neo
253 1850 335 1892 ones
353 1841 398 1902 (r)

124 1924 223 1974 Doctor
239 1925 346 1990 quidem
364 1925 482 1976 ueritatis
500 1925 635 1976 catholice.
664 1927 733 1994 finis.
751 1925 818 1976 alius
836 1931 920 1976 cesset
936 1924 1051 1976 finaliter
1067 1940 1085 1975 e
1101 1925 1198 1976 labore.

54 2021 302 2093 Responsiones
320 2024 364 2080 ed
381 2029 579 2093 argumente
595 2025 770 2082 cuiusdam
782 2024 940 2081 monachi
952 2038 1055 2092 quere
1067 2024 1146 2093 inq.
1158 2040 1182 2082 s.
1194 2029 1227 2081 et
1238 2023 1260 2078 f.

124 2114 224 2163 Doctor
240 2129 314 2164 meus
332 2114 492 2166 reuerendus
510 2121 537 2164 et
554 2115 685 2180 magister.
715 2117 784 2184 fisis.
803 2121 830 2166 et
847 2114 952 2164 subtilis
970 2115 1125 2181 argumenti.

55 2213 218 2270 Beoionee
244 2227 306 2270 sex
323 2217 437 2270 utrum
453 2214 533 2271 licet
550 2216 735 2271 secularem
752 2215 880 2271 clerum
897 2213 1151 2281 delinquentem
1167 2214 1260 2270 oesti-

176 2313 263 2369 gere.

126 2389 273 2455 Discipulus
291 2388 397 2454 quidam
409 2389 567 2440 venerahilis
579 2389 697 2439 doctoris.
727 2389 796 2456 fissi.
816 2388 895 2438 laicos
907 2389 1059 2439 morientem
1072 2395 1195 2454 peccatur
1206 2390 1223 2451 (
1224 2391 1235 2437 i
1234 2391 1260 2451 ).

226 2561 242 2620 (
245 2559 307 2608 Colo
325 2561 442 2621 occani.)

60 2724 107 2781 De
125 2727 270 2794 dyebolo
287 2732 322 2784 et
338 2727 496 2785 membris
513 2729 593 2784 eius.

130 2833 222 2884 Fertur
241 2833 348 2900 quidam
367 2834 412 2896 (i)
430 2835 535 2884 fratrem
553 2834 680 2884 infletum.
709 2836 779 2902 fisis.
800 2835 833 2884 de
851 2834 962 2885 ecclesia
979 2837 1035 2886 iesu
1053 2836 1149 2886 christi.

62 2931 109 2989 De
127 2933 282 2990 demonio
299 2934 485 2990 meridiano
503 2934 540 2990 in
556 2948 575 2989 o
593 2939 626 2990 et
645 2949 665 2988 v
682 2934 845 2990 hebemus
862 2934 932 2991 fere
949 2937 1024 2992 tele

131 3022 211 3072 Frons
229 3021 372 3072 meretricis
390 3023 461 3072 facts
479 3028 520 3072 est
536 3021 642 3088 populo.
672 3025 744 3092 finis.
763 3024 791 3074 iu
809 3023 898 3090 anglis
916 3025 1071 3090 germinare.

225 3125 321 3188 (Coton
338 3127 439 3186 vacat.)

65 3222 209 3292 Epistula
227 3223 328 3281 misse
344 3239 432 3294 pepe
449 3223 487 3281 in
503 3225 535 3280 h.
554 3228 587 3282 et
604 3240 625 3279 v
642 3227 756 3295 plures
774 3226 925 3294 epistule.

127 3313 234 3364 Gaudeo
253 3313 339 3379 plene.
368 3316 438 3382 fisis.
457 3319 550 3379 patens
567 3314 684 3364 condicio
702 3315 852 3367 antichristi.

65 3411 285 3482 Quadrsginte
302 3426 470 3471 sermones
487 3414 663 3483 compositi
680 3413 763 3470 dum
779 3415 870 3472 stetit
887 3429 990 3483 quere
1008 3419 1059 3473 20.

65 3513 229 3572 Sermones
245 3516 283 3571 in
300 3529 319 3572 r
334 3516 462 3584 Repete
479 3517 547 3572 vn
564 3521 624 3573 eto.

128 3603 197 3654 Hora
214 3611 255 3654 est
273 3605 324 3654 iem
342 3621 389 3655 nos
407 3606 439 3656 de
457 3621 548 3656 somno
565 3608 612 3668 (t)
640 3607 710 3676 fisis.

66 3701 282 3770 Epistularum
300 3717 470 3762 sermones
486 3705 530 3762 de
547 3709 697 3776 tempore
715 3707 881 3764 circulum
897 3707 979 3764 enni
992 3714 1045 3774 (r).

129 3791 197 3843 Hora
214 3801 254 3844 est
271 3793 322 3844 ium
341 3810 387 3844 uos
404 3793 438 3844 de
455 3811 546 3844 somno
563 3797 609 3858 (i)
626 3797 695 3864 fisis.

67 3887 203 3956 Epistola
220 3894 320 3950 misse
337 3894 474 3950 lincoln.
490 3895 656 3964 episeopo.

129 3979 237 4032 Humilis
255 3997 346 4033 seruus
363 3983 451 4033 christi
467 3989 495 4034 et
512 3983 631 4034 deuotus.
667 3987 736 4052 finis.
757 3992 783 4036 et
800 3987 908 4037 testacio
926 3988 972 4050 (i)
989 3987 1163 4037 continuatur.

70 4073 176 4134 Formo
191 4081 370 4138 iuramenti
383 4083 516 4139 arnoldi
531 4082 575 4139 de
591 4084 747 4150 grenario
762 4086 952 4144 collectoris
968 4086 1095 4143 domini
1110 4100 1214 4155 pepe.
1230 4128 1257 4141 ..

130 4167 183 4218 Hec
200 4177 241 4219 est
257 4169 340 4220 t'orrnu
356 4171 503 4222 iuramenti.
533 4173 602 4240 linis.
623 4171 672 4222 fuit
689 4174 792 4239 grauius
808 4176 921 4240 repetita
1044 4176 1068 4225 d.
1087 4177 1260 4242 questionem.

71 4261 112 4319 De
127 4269 319 4326 neeessitste
336 4269 534 4326 munorum

130 4355 284 4423 impugnent
301 4359 415 4424 quodem
433 4360 568 4426 ingenioso
587 4361 632 4423 (i)
650 4363 720 4429 fisis.
738 4361 765 4411 in
783 4362 895 4412 ueritate
914 4364 1009 4428 poterit
1028 4363 1107 4415 defen
1109 4403 1217 4416 .....
